{
  "supermarket": "Jumbo",
  "folder_week": "week-52-2025",
  "extracted_at": "2025-12-22T15:51:52.631826",
  "source_url": "https://www.jumbo.com/aanbiedingen/nu",
  "product_count": 1146,
  "promotion_count": 100,
  "products": [
    {
      "id": "612648ZK",
      "name": "Doritos Flamin Hot Tortilla Chips 160 gr",
      "brand": "Doritos",
      "category": "Koek, snoep, chocolade en chips",
      "unit_size": "160 Gram",
      "offer_price": 2.49,
      "normal_price": 2.49,
      "price_per_unit": 15.56,
      "price_unit": "kg",
      "discount_tag": "2 voor 3,50",
      "promo_title": "Doritos of Bugles",
      "validity": "wo 17 t/m vr 26 dec",
      "image_url": "https://www.jumbo.com/dam-images/fit-in/360x360/Products/25062025_1750865586657_1750865590778_8710398530011_1.png",
      "source_url": "https://www.jumbo.com/aanbiedingen/doritos-of-bugles/3012340"
    },
    {
      "id": "612640ZK",
      "name": "Doritos Barbecue Style Tortilla Chips 170 gr",
      "brand": "Doritos",
      "category": "Koek, snoep, chocolade en chips",
      "unit_size": "170 Gram",
      "offer_price": 2.29,
      "normal_price": 2.29,
      "price_per_unit": 13.47,
      "price_unit": "kg",
      "discount_tag": "2 voor 3,50",
      "promo_title": "Doritos of Bugles",
      "validity": "wo 17 t/m vr 26 dec",
      "image_url": "https://www.jumbo.com/dam-images/fit-in/360x360/Products/26082025_1756170160393_1756170164779_612640_ZK_08710398167477_H1N1.png",
      "source_url": "https://www.jumbo.com/aanbiedingen/doritos-of-bugles/3012340"
    },
    {
      "id": "613305ZK",
      "name": "Doritos Naturel Tortilla Nacho Chips 185 gr",
      "brand": "Doritos",
      "category": "Koek, snoep, chocolade en chips",
      "unit_size": "185 Gram",
      "offer_price": 2.29,
      "normal_price": 2.29,
      "price_per_unit": 12.38,
      "price_unit": "kg",
      "discount_tag": "2 voor 3,50",
      "promo_title": "Doritos of Bugles",
      "validity": "wo 17 t/m vr 26 dec",
      "image_url": "https://www.jumbo.com/dam-images/fit-in/360x360/Products/01052025_1746113586106_1746113591729_8710398523754_1.png",
      "source_url": "https://www.jumbo.com/aanbiedingen/doritos-of-bugles/3012340"
    },
    {
      "id": "515129ZK",
      "name": "Lay's Bugles Nacho Cheese Kaas Chips 125 gr",
      "brand": "Lay's",
      "category": "Koek, snoep, chocolade en chips",
      "unit_size": "125 Gram",
      "offer_price": 2.19,
      "normal_price": 2.19,
      "price_per_unit": 17.52,
      "price_unit": "kg",
      "discount_tag": "2 voor 3,50",
      "promo_title": "Doritos of Bugles",
      "validity": "wo 17 t/m vr 26 dec",
      "image_url": "https://www.jumbo.com/dam-images/fit-in/360x360/Products/15092025_1757954050444_1757954055249_8710398502308_1.png",
      "source_url": "https://www.jumbo.com/aanbiedingen/doritos-of-bugles/3012340"
    },
    {
      "id": "558544ZK",
      "name": "Doritos Sweet Chilli Pepper Tortilla Chips 170 gr",
      "brand": "Doritos",
      "category": "Koek, snoep, chocolade en chips",
      "unit_size": "170 Gram",
      "offer_price": 2.29,
      "normal_price": 2.29,
      "price_per_unit": 13.47,
      "price_unit": "kg",
      "discount_tag": "2 voor 3,50",
      "promo_title": "Doritos of Bugles",
      "validity": "wo 17 t/m vr 26 dec",
      "image_url": "https://www.jumbo.com/dam-images/fit-in/360x360/Products/DoritosSweetChilliPepper170gHERO08710398162045H1N10a5f30e6-c300-47c0-b978-824e4bdd5c01-1754392869233.png",
      "source_url": "https://www.jumbo.com/aanbiedingen/doritos-of-bugles/3012340"
    },
    {
      "id": "356487ZK",
      "name": "Lay's Bugles Naturel Zout Chips 125 g",
      "brand": "Lay's",
      "category": "Koek, snoep, chocolade en chips",
      "unit_size": "131 Gram",
      "offer_price": 2.29,
      "normal_price": 2.29,
      "price_per_unit": 18.32,
      "price_unit": "kg",
      "discount_tag": "2 voor 3,50",
      "promo_title": "Doritos of Bugles",
      "validity": "wo 17 t/m vr 26 dec",
      "image_url": "https://www.jumbo.com/dam-images/fit-in/360x360/Products/03042025_1743676385761_1743676389673_8710398517845_1.png",
      "source_url": "https://www.jumbo.com/aanbiedingen/doritos-of-bugles/3012340"
    },
    {
      "id": "482732ZK",
      "name": "Doritos Pure Paprika Tortilla Chips 170 gr",
      "brand": "Doritos",
      "category": "Koek, snoep, chocolade en chips",
      "unit_size": "170 Gram",
      "offer_price": 2.29,
      "normal_price": 2.29,
      "price_per_unit": 13.47,
      "price_unit": "kg",
      "discount_tag": "2 voor 3,50",
      "promo_title": "Doritos of Bugles",
      "validity": "wo 17 t/m vr 26 dec",
      "image_url": "https://www.jumbo.com/dam-images/fit-in/360x360/Products/28112025_1764325985299_1764325990412_8710398523679_1.png",
      "source_url": "https://www.jumbo.com/aanbiedingen/doritos-of-bugles/3012340"
    },
    {
      "id": "482731ZK",
      "name": "Doritos Cool American Tortilla Chips 170 gr",
      "brand": "Doritos",
      "category": "Koek, snoep, chocolade en chips",
      "unit_size": "170 Gram",
      "offer_price": 2.29,
      "normal_price": 2.29,
      "price_per_unit": 13.47,
      "price_unit": "kg",
      "discount_tag": "2 voor 3,50",
      "promo_title": "Doritos of Bugles",
      "validity": "wo 17 t/m vr 26 dec",
      "image_url": "https://www.jumbo.com/dam-images/fit-in/360x360/Products/05122025_1764945166365_1764945170914_8710398523617_1.png",
      "source_url": "https://www.jumbo.com/aanbiedingen/doritos-of-bugles/3012340"
    },
    {
      "id": "356341ZK",
      "name": "Lay's Bugles Sweet Chilli Chips 125 gr",
      "brand": "Lay's",
      "category": "Koek, snoep, chocolade en chips",
      "unit_size": "125 Gram",
      "offer_price": 2.29,
      "normal_price": 2.29,
      "price_per_unit": 18.32,
      "price_unit": "kg",
      "discount_tag": "2 voor 3,50",
      "promo_title": "Doritos of Bugles",
      "validity": "wo 17 t/m vr 26 dec",
      "image_url": "https://www.jumbo.com/dam-images/fit-in/360x360/Products/02122025_1764682375324_1764682380557_8710398502711_1.png",
      "source_url": "https://www.jumbo.com/aanbiedingen/doritos-of-bugles/3012340"
    },
    {
      "id": "482735ZK",
      "name": "Doritos Nacho Cheese Tortilla Chips 170 gr",
      "brand": "Doritos",
      "category": "Koek, snoep, chocolade en chips",
      "unit_size": "170 Gram",
      "offer_price": 1.99,
      "normal_price": 1.99,
      "price_per_unit": 11.71,
      "price_unit": "kg",
      "discount_tag": "2 voor 3,50",
      "promo_title": "Doritos of Bugles",
      "validity": "wo 17 t/m vr 26 dec",
      "image_url": "https://www.jumbo.com/dam-images/fit-in/360x360/Products/21112025_1763746398133_1763746403391_8710398161987_1.png",
      "source_url": "https://www.jumbo.com/aanbiedingen/doritos-of-bugles/3012340"
    },
    {
      "id": "153801CUP",
      "name": "Johma Garnalensalade 175 g",
      "brand": "Johma",
      "category": "Vleeswaren, kaas en tapas",
      "unit_size": "175 g",
      "offer_price": 3.65,
      "normal_price": 3.65,
      "price_per_unit": 20.86,
      "price_unit": "kg",
      "discount_tag": "3 voor 6,00",
      "promo_title": "Johma salades",
      "validity": "wo 17 t/m vr 26 dec",
      "image_url": "https://www.jumbo.com/dam-images/fit-in/360x360/Products/08062025_1749348431747_1749348449500_153801_CUP_08710506060737_H1N1_v01.png",
      "source_url": "https://www.jumbo.com/aanbiedingen/johma-salades/3012299"
    },
    {
      "id": "171741CUP",
      "name": "Johma Kip-Kerrie Salade 175 g",
      "brand": "Johma",
      "category": "Vleeswaren, kaas en tapas",
      "unit_size": "175 g",
      "offer_price": 2.99,
      "normal_price": 2.99,
      "price_per_unit": 17.09,
      "price_unit": "kg",
      "discount_tag": "3 voor 6,00",
      "promo_title": "Johma salades",
      "validity": "wo 17 t/m vr 26 dec",
      "image_url": "https://www.jumbo.com/dam-images/fit-in/360x360/Products/06122025_1764988674687_1764988679343_171741_CUP_08710506066401_H1N1.png",
      "source_url": "https://www.jumbo.com/aanbiedingen/johma-salades/3012299"
    },
    {
      "id": "136211BAK",
      "name": "Johma Twents Kruidentuintjesalade 175 g",
      "brand": "Johma",
      "category": "Vleeswaren, kaas en tapas",
      "unit_size": "175 g",
      "offer_price": 2.49,
      "normal_price": 2.49,
      "price_per_unit": 14.23,
      "price_unit": "kg",
      "discount_tag": "3 voor 6,00",
      "promo_title": "Johma salades",
      "validity": "wo 17 t/m vr 26 dec",
      "image_url": "https://www.jumbo.com/dam-images/fit-in/360x360/Products/12122025_1765505384119_1765505396913_136211_BAK_08710506069006_H1N1.png",
      "source_url": "https://www.jumbo.com/aanbiedingen/johma-salades/3012299"
    },
    {
      "id": "551126BAK",
      "name": "Johma Oudekaas Sweet Chili Salade 175 g",
      "brand": "Johma",
      "category": "Vleeswaren, kaas en tapas",
      "unit_size": "175 g",
      "offer_price": 3.39,
      "normal_price": 3.39,
      "price_per_unit": 19.37,
      "price_unit": "kg",
      "discount_tag": "3 voor 6,00",
      "promo_title": "Johma salades",
      "validity": "wo 17 t/m vr 26 dec",
      "image_url": "https://www.jumbo.com/dam-images/fit-in/360x360/Products/06122025_1764991314896_1764991324016_551126_BAK_08710506086584_C1N1.png",
      "source_url": "https://www.jumbo.com/aanbiedingen/johma-salades/3012299"
    },
    {
      "id": "551128BAK",
      "name": "Johma kip-pestosalade 175 g",
      "brand": "Johma",
      "category": "Vleeswaren, kaas en tapas",
      "unit_size": "175 g",
      "offer_price": 3.39,
      "normal_price": 3.39,
      "price_per_unit": 19.37,
      "price_unit": "kg",
      "discount_tag": "3 voor 6,00",
      "promo_title": "Johma salades",
      "validity": "wo 17 t/m vr 26 dec",
      "image_url": "https://www.jumbo.com/dam-images/fit-in/360x360/Products/09012025_1736388991758_1736389003161_551128_BAK_08710506086553_C1N1.png",
      "source_url": "https://www.jumbo.com/aanbiedingen/johma-salades/3012299"
    },
    {
      "id": "479031CUP",
      "name": "Johma Tonijnsalade 175 g",
      "brand": "Johma",
      "category": "Vleeswaren, kaas en tapas",
      "unit_size": "175 g",
      "offer_price": 3.29,
      "normal_price": 3.29,
      "price_per_unit": 18.8,
      "price_unit": "kg",
      "discount_tag": "3 voor 6,00",
      "promo_title": "Johma salades",
      "validity": "wo 17 t/m vr 26 dec",
      "image_url": "https://www.jumbo.com/dam-images/fit-in/360x360/Products/05092025_1757039672719_1757039683779_479031_CUP_08710506084726_H1N1_v01.png",
      "source_url": "https://www.jumbo.com/aanbiedingen/johma-salades/3012299"
    },
    {
      "id": "94632BAK",
      "name": "Johma Surimi-Krab Salade 175 g",
      "brand": "Johma",
      "category": "Vleeswaren, kaas en tapas",
      "unit_size": "175 g",
      "offer_price": 3.29,
      "normal_price": 3.29,
      "price_per_unit": 18.8,
      "price_unit": "kg",
      "discount_tag": "3 voor 6,00",
      "promo_title": "Johma salades",
      "validity": "wo 17 t/m vr 26 dec",
      "image_url": "https://www.jumbo.com/dam-images/fit-in/360x360/Products/08062025_1749346918903_1749346933396_94632_BAK_08710506039061_H1N1_v01.png",
      "source_url": "https://www.jumbo.com/aanbiedingen/johma-salades/3012299"
    },
    {
      "id": "76296BAK",
      "name": "Johma Kip-Sambasalade 175 g",
      "brand": "Johma",
      "category": "Vleeswaren, kaas en tapas",
      "unit_size": "175 g",
      "offer_price": 2.99,
      "normal_price": 2.99,
      "price_per_unit": 17.09,
      "price_unit": "kg",
      "discount_tag": "3 voor 6,00",
      "promo_title": "Johma salades",
      "validity": "wo 17 t/m vr 26 dec",
      "image_url": "https://www.jumbo.com/dam-images/fit-in/360x360/Products/12122025_1765505637121_1765505642096_76296_BAK_08710506038125_H1N1.png",
      "source_url": "https://www.jumbo.com/aanbiedingen/johma-salades/3012299"
    },
    {
      "id": "184221STK",
      "name": "Johma Oudekaas Pestosalade 175 g",
      "brand": "Johma",
      "category": "Vleeswaren, kaas en tapas",
      "unit_size": "175 g",
      "offer_price": 3.69,
      "normal_price": 3.69,
      "price_per_unit": 21.09,
      "price_unit": "kg",
      "discount_tag": "3 voor 6,00",
      "promo_title": "Johma salades",
      "validity": "wo 17 t/m vr 26 dec",
      "image_url": "https://www.jumbo.com/dam-images/fit-in/360x360/Products/12122025_1765506654460_1765506697458_184221_STK_08710506089370_H1N1_v01.png",
      "source_url": "https://www.jumbo.com/aanbiedingen/johma-salades/3012299"
    },
    {
      "id": "171969CUP",
      "name": "Johma Pikante Kip-Kerrie Salade 175 g",
      "brand": "Johma",
      "category": "Vleeswaren, kaas en tapas",
      "unit_size": "175 g",
      "offer_price": 2.99,
      "normal_price": 2.99,
      "price_per_unit": 17.09,
      "price_unit": "kg",
      "discount_tag": "3 voor 6,00",
      "promo_title": "Johma salades",
      "validity": "wo 17 t/m vr 26 dec",
      "image_url": "https://www.jumbo.com/dam-images/fit-in/360x360/Products/12122025_1765505614352_1765505626416_171969_CUP_08710506066432_H1N1.png",
      "source_url": "https://www.jumbo.com/aanbiedingen/johma-salades/3012299"
    },
    {
      "id": "478999CUP",
      "name": "Johma 100% Plantaardig Kip-Kerrie Salade 175 g",
      "brand": "Johma",
      "category": "Vleeswaren, kaas en tapas",
      "unit_size": "175 g",
      "offer_price": 2.99,
      "normal_price": 2.99,
      "price_per_unit": 17.09,
      "price_unit": "kg",
      "discount_tag": "3 voor 6,00",
      "promo_title": "Johma salades",
      "validity": "wo 17 t/m vr 26 dec",
      "image_url": "https://www.jumbo.com/dam-images/fit-in/360x360/Products/19062025_1750304047867_1750304067823_478999_CUP_08710506084443_C1N1.png",
      "source_url": "https://www.jumbo.com/aanbiedingen/johma-salades/3012299"
    },
    {
      "id": "479000CUP",
      "name": "Johma 100% Plantaardig Alternatief voor Kip-Sambasalade 175 g",
      "brand": "Johma",
      "category": "Vleeswaren, kaas en tapas",
      "unit_size": "175 g",
      "offer_price": 3.29,
      "normal_price": 3.29,
      "price_per_unit": 18.8,
      "price_unit": "kg",
      "discount_tag": "3 voor 6,00",
      "promo_title": "Johma salades",
      "validity": "wo 17 t/m vr 26 dec",
      "image_url": "https://www.jumbo.com/dam-images/fit-in/360x360/Products/30112025_1764473074109_1764473087645_479000_CUP_08710506084474_H1N1.png",
      "source_url": "https://www.jumbo.com/aanbiedingen/johma-salades/3012299"
    },
    {
      "id": "602799CUP",
      "name": "Johma kip-zoetechilisalade 175g",
      "brand": "Johma",
      "category": "Vleeswaren, kaas en tapas",
      "unit_size": "175 g",
      "offer_price": 3.49,
      "normal_price": 3.49,
      "price_per_unit": 19.94,
      "price_unit": "kg",
      "discount_tag": "3 voor 6,00",
      "promo_title": "Johma salades",
      "validity": "wo 17 t/m vr 26 dec",
      "image_url": "https://www.jumbo.com/dam-images/fit-in/360x360/Products/13112025_1763006982573_1763007004622_602799_CUP_08710506089301_H1N1_v01.png",
      "source_url": "https://www.jumbo.com/aanbiedingen/johma-salades/3012299"
    },
    {
      "id": "93335BAK",
      "name": "Johma Farmersalade 175 g",
      "brand": "Johma",
      "category": "Vleeswaren, kaas en tapas",
      "unit_size": "175 g",
      "offer_price": 2.49,
      "normal_price": 2.49,
      "price_per_unit": 14.23,
      "price_unit": "kg",
      "discount_tag": "3 voor 6,00",
      "promo_title": "Johma salades",
      "validity": "wo 17 t/m vr 26 dec",
      "image_url": "https://www.jumbo.com/dam-images/fit-in/360x360/Products/17102025_1760665184695_1760665195075_93335_BAK_08710506039085_C1N1.png",
      "source_url": "https://www.jumbo.com/aanbiedingen/johma-salades/3012299"
    },
    {
      "id": "638118CUP",
      "name": "Johma Tonijnsalade 175 g",
      "brand": "Johma",
      "category": "Vleeswaren, kaas en tapas",
      "unit_size": "175 g",
      "offer_price": 2.99,
      "normal_price": 2.99,
      "price_per_unit": 17.09,
      "price_unit": "kg",
      "discount_tag": "3 voor 6,00",
      "promo_title": "Johma salades",
      "validity": "wo 17 t/m vr 26 dec",
      "image_url": "https://www.jumbo.com/dam-images/fit-in/360x360/Products/20122024_1734698014923_1734698021942_8710506084504_1.png",
      "source_url": "https://www.jumbo.com/aanbiedingen/johma-salades/3012299"
    },
    {
      "id": "63411BAK",
      "name": "Johma Zalmsalade 175 g",
      "brand": "Johma",
      "category": "Vleeswaren, kaas en tapas",
      "unit_size": "175 g",
      "offer_price": 3.89,
      "normal_price": 3.89,
      "price_per_unit": 22.23,
      "price_unit": "kg",
      "discount_tag": "3 voor 6,00",
      "promo_title": "Johma salades",
      "validity": "wo 17 t/m vr 26 dec",
      "image_url": "https://www.jumbo.com/dam-images/fit-in/360x360/Products/17122025_1765937823582_1765937828704_63411_BAK_08710506037067_H1N1.png",
      "source_url": "https://www.jumbo.com/aanbiedingen/johma-salades/3012299"
    },
    {
      "id": "683120CUP",
      "name": "Johma Japanse Tonijn Sesamsalade 175g",
      "brand": "Johma",
      "category": "Vleeswaren, kaas en tapas",
      "unit_size": null,
      "offer_price": 3.29,
      "normal_price": 3.29,
      "price_per_unit": 18.8,
      "price_unit": "kg",
      "discount_tag": "3 voor 6,00",
      "promo_title": "Johma salades",
      "validity": "wo 17 t/m vr 26 dec",
      "image_url": "https://www.jumbo.com/dam-images/fit-in/360x360/Products/07062025_1749260551131_1749260565917_683120_CUP_08710506091304_H1N1_v01.png",
      "source_url": "https://www.jumbo.com/aanbiedingen/johma-salades/3012299"
    },
    {
      "id": "94752BAK",
      "name": "Johma Surinaamse Eisalade 175 g",
      "brand": "Johma",
      "category": "Vleeswaren, kaas en tapas",
      "unit_size": "175 g",
      "offer_price": 3.19,
      "normal_price": 3.19,
      "price_per_unit": 18.23,
      "price_unit": "kg",
      "discount_tag": "3 voor 6,00",
      "promo_title": "Johma salades",
      "validity": "wo 17 t/m vr 26 dec",
      "image_url": "https://www.jumbo.com/dam-images/fit-in/360x360/Products/05092025_1757039317418_1757039334228_94752_BAK_08710506039108_H1N1_v01.png",
      "source_url": "https://www.jumbo.com/aanbiedingen/johma-salades/3012299"
    },
    {
      "id": "479001CUP",
      "name": "Johma Frisse Tonijnsalade 175 g",
      "brand": "Johma",
      "category": "Vleeswaren, kaas en tapas",
      "unit_size": "175 g",
      "offer_price": 2.99,
      "normal_price": 2.99,
      "price_per_unit": 17.09,
      "price_unit": "kg",
      "discount_tag": "3 voor 6,00",
      "promo_title": "Johma salades",
      "validity": "wo 17 t/m vr 26 dec",
      "image_url": "https://www.jumbo.com/dam-images/fit-in/360x360/Products/12122025_1765509377668_1765509387365_479001_CUP_08710506084788_H1N1.png",
      "source_url": "https://www.jumbo.com/aanbiedingen/johma-salades/3012299"
    },
    {
      "id": "683108CUP",
      "name": "Johma Vlamsalade 175g",
      "brand": "Johma",
      "category": "Vleeswaren, kaas en tapas",
      "unit_size": null,
      "offer_price": 3.29,
      "normal_price": 3.29,
      "price_per_unit": 18.8,
      "price_unit": "kg",
      "discount_tag": "3 voor 6,00",
      "promo_title": "Johma salades",
      "validity": "wo 17 t/m vr 26 dec",
      "image_url": "https://www.jumbo.com/dam-images/fit-in/360x360/Products/23052025_1747967432162_1747967449369_683108_CUP_08710506091274_C1N1.png",
      "source_url": "https://www.jumbo.com/aanbiedingen/johma-salades/3012299"
    },
    {
      "id": "82170BAK",
      "name": "Johma Oudekaas Salade 175 g",
      "brand": "Johma",
      "category": "Vleeswaren, kaas en tapas",
      "unit_size": "175 g",
      "offer_price": 3.29,
      "normal_price": 3.29,
      "price_per_unit": 18.8,
      "price_unit": "kg",
      "discount_tag": "3 voor 6,00",
      "promo_title": "Johma salades",
      "validity": "wo 17 t/m vr 26 dec",
      "image_url": "https://www.jumbo.com/dam-images/fit-in/360x360/Products/10082025_1754788481753_1754788493469_82170_BAK_08710506038101_C1N1.png",
      "source_url": "https://www.jumbo.com/aanbiedingen/johma-salades/3012299"
    },
    {
      "id": "153787CUP",
      "name": "Johma Beenhamsalade 175 g",
      "brand": "Johma",
      "category": "Vleeswaren, kaas en tapas",
      "unit_size": "175 g",
      "offer_price": 3.19,
      "normal_price": 3.19,
      "price_per_unit": 18.23,
      "price_unit": "kg",
      "discount_tag": "3 voor 6,00",
      "promo_title": "Johma salades",
      "validity": "wo 17 t/m vr 26 dec",
      "image_url": "https://www.jumbo.com/dam-images/fit-in/360x360/Products/19062025_1750305314873_1750305323836_153787_CUP_08710506037166_C1N1.png",
      "source_url": "https://www.jumbo.com/aanbiedingen/johma-salades/3012299"
    },
    {
      "id": "90126BAK",
      "name": "Johma Eisalade 175 g",
      "brand": "Johma",
      "category": "Vleeswaren, kaas en tapas",
      "unit_size": "175 g",
      "offer_price": 2.99,
      "normal_price": 2.99,
      "price_per_unit": 17.09,
      "price_unit": "kg",
      "discount_tag": "3 voor 6,00",
      "promo_title": "Johma salades",
      "validity": "wo 17 t/m vr 26 dec",
      "image_url": "https://www.jumbo.com/dam-images/fit-in/360x360/Products/31072025_1753925348397_1753925357288_90126_BAK_08710506039023_C1N1.png",
      "source_url": "https://www.jumbo.com/aanbiedingen/johma-salades/3012299"
    },
    {
      "id": "184222STK",
      "name": "Johma Gevuld Eitje Salade 175 g",
      "brand": "Johma",
      "category": "Vleeswaren, kaas en tapas",
      "unit_size": "175 g",
      "offer_price": 3.25,
      "normal_price": 3.25,
      "price_per_unit": 18.57,
      "price_unit": "kg",
      "discount_tag": "3 voor 6,00",
      "promo_title": "Johma salades",
      "validity": "wo 17 t/m vr 26 dec",
      "image_url": "https://www.jumbo.com/dam-images/fit-in/360x360/Products/17102025_1760665110803_1760665128789_184222_STK_08710506070538_H1N1.png",
      "source_url": "https://www.jumbo.com/aanbiedingen/johma-salades/3012299"
    },
    {
      "id": "90128BAK",
      "name": "Johma Kip-Saté Salade 175 g",
      "brand": "Johma",
      "category": "Vleeswaren, kaas en tapas",
      "unit_size": "175 g",
      "offer_price": 3.29,
      "normal_price": 3.29,
      "price_per_unit": 18.8,
      "price_unit": "kg",
      "discount_tag": "3 voor 6,00",
      "promo_title": "Johma salades",
      "validity": "wo 17 t/m vr 26 dec",
      "image_url": "https://www.jumbo.com/dam-images/fit-in/360x360/Products/16122025_1765852082641_1765852088408_90128_BAK_08710506039146_H1N1.png",
      "source_url": "https://www.jumbo.com/aanbiedingen/johma-salades/3012299"
    },
    {
      "id": "203676STK",
      "name": "Johma Kip-Mango Salade 175 g",
      "brand": "Johma",
      "category": "Vleeswaren, kaas en tapas",
      "unit_size": "175 g",
      "offer_price": 3.19,
      "normal_price": 3.19,
      "price_per_unit": 18.23,
      "price_unit": "kg",
      "discount_tag": "3 voor 6,00",
      "promo_title": "Johma salades",
      "validity": "wo 17 t/m vr 26 dec",
      "image_url": "https://www.jumbo.com/dam-images/fit-in/360x360/Products/06082025_1754445391565_1754445407540_203676_STK_08710506073683_C1N1.png",
      "source_url": "https://www.jumbo.com/aanbiedingen/johma-salades/3012299"
    },
    {
      "id": "683107CUP",
      "name": "Johma Surimi Rode Currysalade 175g",
      "brand": "Johma",
      "category": "Vleeswaren, kaas en tapas",
      "unit_size": null,
      "offer_price": 2.99,
      "normal_price": 2.99,
      "price_per_unit": 17.09,
      "price_unit": "kg",
      "discount_tag": "3 voor 6,00",
      "promo_title": "Johma salades",
      "validity": "wo 17 t/m vr 26 dec",
      "image_url": "https://www.jumbo.com/dam-images/fit-in/360x360/Products/16052025_1747362487885_1747362497685_683107_CUP_08710506091335_C1N1.png",
      "source_url": "https://www.jumbo.com/aanbiedingen/johma-salades/3012299"
    },
    {
      "id": "602820CUP",
      "name": "Johma Oet Twente Ham-Prei Salade 175 g",
      "brand": "Johma",
      "category": "Vleeswaren, kaas en tapas",
      "unit_size": "175 g",
      "offer_price": 2.99,
      "normal_price": 2.99,
      "price_per_unit": 17.09,
      "price_unit": "kg",
      "discount_tag": "3 voor 6,00",
      "promo_title": "Johma salades",
      "validity": "wo 17 t/m vr 26 dec",
      "image_url": "https://www.jumbo.com/dam-images/fit-in/360x360/Products/09012025_1736388847542_1736388863884_602820_CUP_08710506086645_C1N1.png",
      "source_url": "https://www.jumbo.com/aanbiedingen/johma-salades/3012299"
    },
    {
      "id": "673417DS",
      "name": "Jumbo Blauwe Bessen 300 g",
      "brand": "Jumbo",
      "category": "Aardappelen, groente en fruit",
      "unit_size": "300 G",
      "offer_price": 2.99,
      "normal_price": 4.49,
      "price_per_unit": 9.97,
      "price_unit": "kg",
      "discount_tag": "voor 2,99",
      "promo_title": "Blauwe bessen",
      "validity": "wo 17 t/m vr 26 dec",
      "image_url": "https://www.jumbo.com/dam-images/fit-in/360x360/Products/04122025_1764855193718_1764855200410_8711715818577_1.png",
      "source_url": "https://www.jumbo.com/aanbiedingen/blauwe-bessen/3013792"
    },
    {
      "id": "302260ZK",
      "name": "Jumbo Spruiten 500 g",
      "brand": "Jumbo",
      "category": "Aardappelen, groente en fruit",
      "unit_size": null,
      "offer_price": 0.99,
      "normal_price": 1.39,
      "price_per_unit": 1.98,
      "price_unit": "kg",
      "discount_tag": "voor 0,99",
      "promo_title": "Spruiten",
      "validity": "wo 17 t/m vr 26 dec",
      "image_url": "https://www.jumbo.com/dam-images/fit-in/360x360/Products/18092023_1695031670308_1695031679285_8711715819000_1.png",
      "source_url": "https://www.jumbo.com/aanbiedingen/spruiten/3013760"
    },
    {
      "id": "40491STK",
      "name": "Jumbo Cantaloupe Meloen 1 Stuks",
      "brand": "Jumbo",
      "category": "Aardappelen, groente en fruit",
      "unit_size": null,
      "offer_price": 1.99,
      "normal_price": 2.49,
      "price_per_unit": 1.99,
      "price_unit": "pieces",
      "discount_tag": "voor 1,99",
      "promo_title": "Galia of Cantaloupe meloen",
      "validity": "wo 17 t/m vr 26 dec",
      "image_url": "https://www.jumbo.com/dam-images/fit-in/360x360/Products/Cantaloupe118c24a82-96ae-441d-9f5c-9625b2c50e3a-1715178783107.png",
      "source_url": "https://www.jumbo.com/aanbiedingen/galia-of-cantaloupe-meloen/3013793"
    },
    {
      "id": "40490STK",
      "name": "Galia Meloen",
      "brand": "Jumbo",
      "category": "Aardappelen, groente en fruit",
      "unit_size": null,
      "offer_price": 1.99,
      "normal_price": 2.49,
      "price_per_unit": 2.49,
      "price_unit": "pieces",
      "discount_tag": "voor 1,99",
      "promo_title": "Galia of Cantaloupe meloen",
      "validity": "wo 17 t/m vr 26 dec",
      "image_url": "https://www.jumbo.com/dam-images/fit-in/360x360/Products/45946STK1be4a5cb9-bb46-48e3-834d-f10e4b2666a6-1694432016181.png",
      "source_url": "https://www.jumbo.com/aanbiedingen/galia-of-cantaloupe-meloen/3013793"
    },
    {
      "id": "45946STK",
      "name": "Jumbo Galia Meloen",
      "brand": "Jumbo",
      "category": "Aardappelen, groente en fruit",
      "unit_size": null,
      "offer_price": 1.99,
      "normal_price": 2.49,
      "price_per_unit": 1.99,
      "price_unit": "pieces",
      "discount_tag": "voor 1,99",
      "promo_title": "Galia of Cantaloupe meloen",
      "validity": "wo 17 t/m vr 26 dec",
      "image_url": "https://www.jumbo.com/dam-images/fit-in/360x360/Products/12122024_1734014360978_1734014365951_25003710_1.png",
      "source_url": "https://www.jumbo.com/aanbiedingen/galia-of-cantaloupe-meloen/3013793"
    },
    {
      "id": "428482FLS",
      "name": "Fuze Tea Green Iced Tea Mango Chamomile 1,25 L",
      "brand": "Fuze Tea",
      "category": "Frisdrank en sappen",
      "unit_size": "1.25 L",
      "offer_price": 2.75,
      "normal_price": 2.75,
      "price_per_unit": 2.2,
      "price_unit": "l",
      "discount_tag": "3+2 gratis",
      "promo_title": "Coca-Cola, Fanta of Fuze Tea",
      "validity": "wo 17 t/m vr 26 dec",
      "image_url": "https://www.jumbo.com/dam-images/fit-in/360x360/Products/22052025_1747878360561_1747878368213_428482_FLS_05000112646412_H1N1.png",
      "source_url": "https://www.jumbo.com/aanbiedingen/coca-cola-fanta-of-fuze-tea/3012425"
    },
    {
      "id": "428484FLS",
      "name": "Fuze Tea Green Iced Tea 1,25 L",
      "brand": "Fuze Tea",
      "category": "Frisdrank en sappen",
      "unit_size": "1.25 L",
      "offer_price": 2.75,
      "normal_price": 2.75,
      "price_per_unit": 2.2,
      "price_unit": "l",
      "discount_tag": "3+2 gratis",
      "promo_title": "Coca-Cola, Fanta of Fuze Tea",
      "validity": "wo 17 t/m vr 26 dec",
      "image_url": "https://www.jumbo.com/dam-images/fit-in/360x360/Products/14082025_1755137683923_1755137691767_428484_FLS_05000112646399_H1N1.png",
      "source_url": "https://www.jumbo.com/aanbiedingen/coca-cola-fanta-of-fuze-tea/3012425"
    },
    {
      "id": "429170FLS",
      "name": "Coca-Cola Zero Sugar 1 L",
      "brand": "Coca-Cola",
      "category": "Frisdrank en sappen",
      "unit_size": "1 L",
      "offer_price": 2.39,
      "normal_price": 2.39,
      "price_per_unit": 2.39,
      "price_unit": "l",
      "discount_tag": "3+2 gratis",
      "promo_title": "Coca-Cola, Fanta of Fuze Tea",
      "validity": "wo 17 t/m vr 26 dec",
      "image_url": "https://www.jumbo.com/dam-images/fit-in/360x360/Products/03122025_1764729677372_1764729683686_429170_FLS_05000112646702_H1N1.png",
      "source_url": "https://www.jumbo.com/aanbiedingen/coca-cola-fanta-of-fuze-tea/3012425"
    },
    {
      "id": "428477FLS",
      "name": "Fanta Orange 1 L",
      "brand": "Fanta",
      "category": "Frisdrank en sappen",
      "unit_size": "1 L",
      "offer_price": 2.39,
      "normal_price": 2.39,
      "price_per_unit": 2.39,
      "price_unit": "l",
      "discount_tag": "3+2 gratis",
      "promo_title": "Coca-Cola, Fanta of Fuze Tea",
      "validity": "wo 17 t/m vr 26 dec",
      "image_url": "https://www.jumbo.com/dam-images/fit-in/360x360/Products/15022025_1739590133562_1739590140415_428477_FLS_05000112646122_H1N1.png",
      "source_url": "https://www.jumbo.com/aanbiedingen/coca-cola-fanta-of-fuze-tea/3012425"
    },
    {
      "id": "428470FLS",
      "name": "Coca-Cola Original Taste 1 L",
      "brand": "Coca-Cola",
      "category": "Frisdrank en sappen",
      "unit_size": "1 L",
      "offer_price": 2.39,
      "normal_price": 2.39,
      "price_per_unit": 2.39,
      "price_unit": "l",
      "discount_tag": "3+2 gratis",
      "promo_title": "Coca-Cola, Fanta of Fuze Tea",
      "validity": "wo 17 t/m vr 26 dec",
      "image_url": "https://www.jumbo.com/dam-images/fit-in/360x360/Products/03122025_1764731951545_1764731958759_428470_FLS_05000112646634_H1N1.png",
      "source_url": "https://www.jumbo.com/aanbiedingen/coca-cola-fanta-of-fuze-tea/3012425"
    },
    {
      "id": "428476FLS",
      "name": "Fuze Tea Sparkling Black Tea 1,25 L",
      "brand": "Fuze Tea",
      "category": "Frisdrank en sappen",
      "unit_size": "1.25 L",
      "offer_price": 2.75,
      "normal_price": 2.75,
      "price_per_unit": 2.2,
      "price_unit": "l",
      "discount_tag": "3+2 gratis",
      "promo_title": "Coca-Cola, Fanta of Fuze Tea",
      "validity": "wo 17 t/m vr 26 dec",
      "image_url": "https://www.jumbo.com/dam-images/fit-in/360x360/Products/07102025_1759802977111_1759802984790_428476_FLS_05000112646382_H1N1.png",
      "source_url": "https://www.jumbo.com/aanbiedingen/coca-cola-fanta-of-fuze-tea/3012425"
    },
    {
      "id": "471654FLS",
      "name": "Coca-Cola Zero Sugar Zero Cafeïne 1 L",
      "brand": "Coca-Cola",
      "category": "Frisdrank en sappen",
      "unit_size": "1 L",
      "offer_price": 2.39,
      "normal_price": 2.39,
      "price_per_unit": 2.39,
      "price_unit": "l",
      "discount_tag": "3+2 gratis",
      "promo_title": "Coca-Cola, Fanta of Fuze Tea",
      "validity": "wo 17 t/m vr 26 dec",
      "image_url": "https://www.jumbo.com/dam-images/fit-in/360x360/Products/03122025_1764735139890_1764735152254_471654_FLS_05000112654462_H1N1.png",
      "source_url": "https://www.jumbo.com/aanbiedingen/coca-cola-fanta-of-fuze-tea/3012425"
    },
    {
      "id": "462869FLS",
      "name": "Fanta Orange zero sugar 1 L",
      "brand": "Fanta",
      "category": "Frisdrank en sappen",
      "unit_size": "1 L",
      "offer_price": 2.39,
      "normal_price": 2.39,
      "price_per_unit": 2.39,
      "price_unit": "l",
      "discount_tag": "3+2 gratis",
      "promo_title": "Coca-Cola, Fanta of Fuze Tea",
      "validity": "wo 17 t/m vr 26 dec",
      "image_url": "https://www.jumbo.com/dam-images/fit-in/360x360/Products/05022025_1738726758803_1738726765563_462869_FLS_05000112654134_H1N1.png",
      "source_url": "https://www.jumbo.com/aanbiedingen/coca-cola-fanta-of-fuze-tea/3012425"
    },
    {
      "id": "435986FLS",
      "name": "Fuze Tea Black Iced Tea Peach Hibiscus 1,25 L",
      "brand": "Fuze Tea",
      "category": "Frisdrank en sappen",
      "unit_size": "1.25 L",
      "offer_price": 2.75,
      "normal_price": 2.75,
      "price_per_unit": 2.2,
      "price_unit": "l",
      "discount_tag": "3+2 gratis",
      "promo_title": "Coca-Cola, Fanta of Fuze Tea",
      "validity": "wo 17 t/m vr 26 dec",
      "image_url": "https://www.jumbo.com/dam-images/fit-in/360x360/Products/22052025_1747875632761_1747875640018_435986_FLS_05000112646429_H1N1.png",
      "source_url": "https://www.jumbo.com/aanbiedingen/coca-cola-fanta-of-fuze-tea/3012425"
    },
    {
      "id": "669745FLS",
      "name": "Fuze Tea Infused Peach-Elderflower with Black Tea No Sugar 1,25 L",
      "brand": "Fuze Tea",
      "category": "Frisdrank en sappen",
      "unit_size": "1.25 L",
      "offer_price": 2.75,
      "normal_price": 2.75,
      "price_per_unit": 2.2,
      "price_unit": "l",
      "discount_tag": "3+2 gratis",
      "promo_title": "Coca-Cola, Fanta of Fuze Tea",
      "validity": "wo 17 t/m vr 26 dec",
      "image_url": "https://www.jumbo.com/dam-images/fit-in/360x360/Products/10012025_1736481593350_1736481600652_669745_FLS_05000112682014_H1N1.png",
      "source_url": "https://www.jumbo.com/aanbiedingen/coca-cola-fanta-of-fuze-tea/3012425"
    },
    {
      "id": "681108STK",
      "name": "Jumbo Fijnproevers IJslandse Gerookte Zalm Lang Gesneden 100 g",
      "brand": "Jumbo",
      "category": "Vlees, vis en vega",
      "unit_size": null,
      "offer_price": 4.99,
      "normal_price": 4.99,
      "price_per_unit": 49.9,
      "price_unit": "kg",
      "discount_tag": "1+1 gratis",
      "promo_title": "Jumbo gerookte zalm",
      "validity": "wo 17 t/m vr 26 dec",
      "image_url": "https://www.jumbo.com/dam-images/fit-in/360x360/Products/29092023_1695996142839_1695996147583_8718452660339_1.png",
      "source_url": "https://www.jumbo.com/aanbiedingen/jumbo-gerookte-zalm/3012468"
    },
    {
      "id": "681121STK",
      "name": "Jumbo Biologisch Noorse Zalm Hout Gerookt 100 g",
      "brand": "Jumbo",
      "category": "Vlees, vis en vega",
      "unit_size": null,
      "offer_price": 5.09,
      "normal_price": 5.09,
      "price_per_unit": 50.9,
      "price_unit": "kg",
      "discount_tag": "1+1 gratis",
      "promo_title": "Jumbo gerookte zalm",
      "validity": "wo 17 t/m vr 26 dec",
      "image_url": "https://www.jumbo.com/dam-images/fit-in/360x360/Products/10082023_1691675707607_1691675714626_8718452593101_1.png",
      "source_url": "https://www.jumbo.com/aanbiedingen/jumbo-gerookte-zalm/3012468"
    },
    {
      "id": "680372STK",
      "name": "Jumbo Noorse Zalm Houtgerookt 100 g",
      "brand": "Jumbo",
      "category": "Vlees, vis en vega",
      "unit_size": "100 g",
      "offer_price": 4.59,
      "normal_price": 4.59,
      "price_per_unit": 45.9,
      "price_unit": "kg",
      "discount_tag": "1+1 gratis",
      "promo_title": "Jumbo gerookte zalm",
      "validity": "wo 17 t/m vr 26 dec",
      "image_url": "https://www.jumbo.com/dam-images/fit-in/360x360/Products/09092025_1757421322439_1757421332359_8718452764372_1.png",
      "source_url": "https://www.jumbo.com/aanbiedingen/jumbo-gerookte-zalm/3012468"
    },
    {
      "id": "681103STK",
      "name": "Jumbo Plantaardig Gerookte Zalm 100g",
      "brand": "Jumbo",
      "category": "Vlees, vis en vega",
      "unit_size": null,
      "offer_price": 4.59,
      "normal_price": 4.59,
      "price_per_unit": 45.9,
      "price_unit": "kg",
      "discount_tag": "1+1 gratis",
      "promo_title": "Jumbo gerookte zalm",
      "validity": "wo 17 t/m vr 26 dec",
      "image_url": "https://www.jumbo.com/dam-images/fit-in/360x360/Products/11112024_1731339258765_1731339275829_8718452807284_1.png",
      "source_url": "https://www.jumbo.com/aanbiedingen/jumbo-gerookte-zalm/3012468"
    },
    {
      "id": "712284STK",
      "name": "Jumbo Noorse Zalm Houtgerookt 100 g",
      "brand": "Jumbo",
      "category": "Vlees, vis en vega",
      "unit_size": "100 g",
      "offer_price": 4.59,
      "normal_price": 4.59,
      "price_per_unit": 45.9,
      "price_unit": "kg",
      "discount_tag": "1+1 gratis",
      "promo_title": "Jumbo gerookte zalm",
      "validity": "wo 17 t/m vr 26 dec",
      "image_url": "https://www.jumbo.com/dam-images/fit-in/360x360/Products/09092025_1757421322226_1757421338221_8718452764372_1.png",
      "source_url": "https://www.jumbo.com/aanbiedingen/jumbo-gerookte-zalm/3012468"
    },
    {
      "id": "712283STK",
      "name": "Jumbo Noorse Zalm 100 g",
      "brand": "Jumbo",
      "category": "Vlees, vis en vega",
      "unit_size": "100 g",
      "offer_price": 4.59,
      "normal_price": 4.59,
      "price_per_unit": 45.9,
      "price_unit": "kg",
      "discount_tag": "1+1 gratis",
      "promo_title": "Jumbo gerookte zalm",
      "validity": "wo 17 t/m vr 26 dec",
      "image_url": "https://www.jumbo.com/dam-images/fit-in/360x360/Products/11092025_1757588655289_1757588660555_8718452671311_1.png",
      "source_url": "https://www.jumbo.com/aanbiedingen/jumbo-gerookte-zalm/3012468"
    },
    {
      "id": "680371STK",
      "name": "Jumbo Noorse Zalm 100 g",
      "brand": "Jumbo",
      "category": "Vlees, vis en vega",
      "unit_size": "100 g",
      "offer_price": 4.59,
      "normal_price": 4.59,
      "price_per_unit": 45.9,
      "price_unit": "kg",
      "discount_tag": "1+1 gratis",
      "promo_title": "Jumbo gerookte zalm",
      "validity": "wo 17 t/m vr 26 dec",
      "image_url": "https://www.jumbo.com/dam-images/fit-in/360x360/Products/11092025_1757588654448_1757588660036_8718452671311_1.png",
      "source_url": "https://www.jumbo.com/aanbiedingen/jumbo-gerookte-zalm/3012468"
    },
    {
      "id": "299186ZK",
      "name": "Jumbo Melange Fijnproeverssla 150 g",
      "brand": "Jumbo",
      "category": "Aardappelen, groente en fruit",
      "unit_size": "150 GRAM",
      "offer_price": 1.99,
      "normal_price": 2.99,
      "price_per_unit": 13.27,
      "price_unit": "kg",
      "discount_tag": "voor 1,99",
      "promo_title": "Jumbo sla melanges",
      "validity": "wo 17 t/m vr 26 dec",
      "image_url": "https://www.jumbo.com/dam-images/fit-in/360x360/Products/26062024_1719412466733_1719412478573_8718452778317_1.png",
      "source_url": "https://www.jumbo.com/aanbiedingen/jumbo-sla-melanges/3012376"
    },
    {
      "id": "362324ZK",
      "name": "Jumbo Melange Jonge Bladsla & Rucola 150 g",
      "brand": "Jumbo",
      "category": "Aardappelen, groente en fruit",
      "unit_size": "150 g",
      "offer_price": 1.99,
      "normal_price": 2.99,
      "price_per_unit": 13.27,
      "price_unit": "kg",
      "discount_tag": "voor 1,99",
      "promo_title": "Jumbo sla melanges",
      "validity": "wo 17 t/m vr 26 dec",
      "image_url": "https://www.jumbo.com/dam-images/fit-in/360x360/Products/05062024_1717601667483_1717601676036_8718452793341_1.png",
      "source_url": "https://www.jumbo.com/aanbiedingen/jumbo-sla-melanges/3012376"
    },
    {
      "id": "362325ZK",
      "name": "Jumbo Melange Rucola 150 g",
      "brand": "Jumbo",
      "category": "Aardappelen, groente en fruit",
      "unit_size": "150 GRAM",
      "offer_price": 1.99,
      "normal_price": 2.49,
      "price_per_unit": 13.27,
      "price_unit": "kg",
      "discount_tag": "voor 1,99",
      "promo_title": "Jumbo sla melanges",
      "validity": "wo 17 t/m vr 26 dec",
      "image_url": "https://www.jumbo.com/dam-images/fit-in/360x360/Products/06062024_1717691711642_1717691721484_8718452793402_1.png",
      "source_url": "https://www.jumbo.com/aanbiedingen/jumbo-sla-melanges/3012376"
    },
    {
      "id": "557570DS",
      "name": "Lavazza Espresso Intenso koffiecups 30st",
      "brand": "Lavazza",
      "category": "Koffie en thee",
      "unit_size": null,
      "offer_price": 12.79,
      "normal_price": 12.79,
      "price_per_unit": 0.43,
      "price_unit": "pieces",
      "discount_tag": "2+1 gratis",
      "promo_title": "Alle A-merk Nespresso Cups",
      "validity": "wo 17 t/m vr 26 dec",
      "image_url": "https://www.jumbo.com/dam-images/fit-in/360x360/Products/26112025_1764125988243_1764125997199_557570_DS_08000070054295_C1N1.png",
      "source_url": "https://www.jumbo.com/aanbiedingen/alle-a-merk-nespresso-cups/3012492"
    },
    {
      "id": "233324STK",
      "name": "Café Royal Caramel 10 Capsules 50 g",
      "brand": "Cafe Royal",
      "category": "Koffie en thee",
      "unit_size": "50 g",
      "offer_price": 4.19,
      "normal_price": 4.19,
      "price_per_unit": 0.42,
      "price_unit": "pieces",
      "discount_tag": "2+1 gratis",
      "promo_title": "Alle A-merk Nespresso Cups",
      "validity": "wo 17 t/m vr 26 dec",
      "image_url": "https://www.jumbo.com/dam-images/fit-in/360x360/Products/19112025_1763548112806_1763548118332_233324_STK_.png",
      "source_url": "https://www.jumbo.com/aanbiedingen/alle-a-merk-nespresso-cups/3012492"
    },
    {
      "id": "234666STK",
      "name": "Starbucks® by Nespresso® House Blend Lungo 10 Koffiecups",
      "brand": "Starbucks",
      "category": "Koffie en thee",
      "unit_size": "57 g",
      "offer_price": 4.69,
      "normal_price": 4.69,
      "price_per_unit": 0.47,
      "price_unit": "pieces",
      "discount_tag": "2+1 gratis",
      "promo_title": "Alle A-merk Nespresso Cups",
      "validity": "wo 17 t/m vr 26 dec",
      "image_url": "https://www.jumbo.com/dam-images/fit-in/360x360/Products/16122025_1765851676769_1765851678681_234666_STK_07613036957083_H1N1_s01.png",
      "source_url": "https://www.jumbo.com/aanbiedingen/alle-a-merk-nespresso-cups/3012492"
    },
    {
      "id": "232883STK",
      "name": "illy Espresso Forte Koffiecups 10 Stuks",
      "brand": "Illy",
      "category": "Koffie en thee",
      "unit_size": "57 g",
      "offer_price": 5.49,
      "normal_price": 5.49,
      "price_per_unit": 0.55,
      "price_unit": "pieces",
      "discount_tag": "2+1 gratis",
      "promo_title": "Alle A-merk Nespresso Cups",
      "validity": "wo 17 t/m vr 26 dec",
      "image_url": "https://www.jumbo.com/dam-images/fit-in/360x360/Products/19112025_1763546318027_1763546319329_232883_STK_08003753158587_A1N1.png",
      "source_url": "https://www.jumbo.com/aanbiedingen/alle-a-merk-nespresso-cups/3012492"
    },
    {
      "id": "645802DS",
      "name": "Starbucks by Nespresso Breakfast Blend 10 Stuks 56 g",
      "brand": "Starbucks",
      "category": "Koffie en thee",
      "unit_size": "56 g",
      "offer_price": 4.69,
      "normal_price": 4.69,
      "price_per_unit": 0.47,
      "price_unit": "pieces",
      "discount_tag": "2+1 gratis",
      "promo_title": "Alle A-merk Nespresso Cups",
      "validity": "wo 17 t/m vr 26 dec",
      "image_url": "https://www.jumbo.com/dam-images/fit-in/360x360/Products/06052025_1746559968196_1746559971143_7613287186782_1.png",
      "source_url": "https://www.jumbo.com/aanbiedingen/alle-a-merk-nespresso-cups/3012492"
    },
    {
      "id": "615018DS",
      "name": "Qualità Rossa koffiecups 10st",
      "brand": "Lavazza",
      "category": "Koffie en thee",
      "unit_size": null,
      "offer_price": 4.99,
      "normal_price": 4.99,
      "price_per_unit": 0.5,
      "price_unit": "pieces",
      "discount_tag": "2+1 gratis",
      "promo_title": "Alle A-merk Nespresso Cups",
      "validity": "wo 17 t/m vr 26 dec",
      "image_url": "https://www.jumbo.com/dam-images/fit-in/360x360/Products/26112025_1764137957049_1764137969889_615018_DS_08000070053526_C1N1.png",
      "source_url": "https://www.jumbo.com/aanbiedingen/alle-a-merk-nespresso-cups/3012492"
    },
    {
      "id": "371917PAK",
      "name": "Café Royal XL Box Lungo Forte 18 Capsules 99 g",
      "brand": "Cafe Royal",
      "category": "Koffie en thee",
      "unit_size": "99 g",
      "offer_price": 6.99,
      "normal_price": 6.99,
      "price_per_unit": 0.39,
      "price_unit": "pieces",
      "discount_tag": "2+1 gratis",
      "promo_title": "Alle A-merk Nespresso Cups",
      "validity": "wo 17 t/m vr 26 dec",
      "image_url": "https://www.jumbo.com/dam-images/fit-in/360x360/Products/19112025_1763554401298_1763554407537_371917_PAK_.png",
      "source_url": "https://www.jumbo.com/aanbiedingen/alle-a-merk-nespresso-cups/3012492"
    },
    {
      "id": "509676DS",
      "name": "Smit & Dorlas Dark Roast Koffiecups 10 Stuks",
      "brand": "Smit & Dorlas",
      "category": "Koffie en thee",
      "unit_size": "53 g",
      "offer_price": 4.49,
      "normal_price": 4.49,
      "price_per_unit": 0.45,
      "price_unit": "pieces",
      "discount_tag": "2+1 gratis",
      "promo_title": "Alle A-merk Nespresso Cups",
      "validity": "wo 17 t/m vr 26 dec",
      "image_url": "https://www.jumbo.com/dam-images/fit-in/360x360/Products/10082023_1691677396010_1691677415848_8710435138262_1.png",
      "source_url": "https://www.jumbo.com/aanbiedingen/alle-a-merk-nespresso-cups/3012492"
    },
    {
      "id": "715911DS",
      "name": "Moyee Decaf Capsules 10 stuks",
      "brand": "MOYEE",
      "category": "Koffie en thee",
      "unit_size": null,
      "offer_price": 4.19,
      "normal_price": 4.19,
      "price_per_unit": 0.42,
      "price_unit": "pieces",
      "discount_tag": "2+1 gratis",
      "promo_title": "Alle A-merk Nespresso Cups",
      "validity": "wo 17 t/m vr 26 dec",
      "image_url": "",
      "source_url": "https://www.jumbo.com/aanbiedingen/alle-a-merk-nespresso-cups/3012492"
    },
    {
      "id": "606769DS",
      "name": "Starbucks® by Nespresso® Blonde Espresso Roast Decaf 10 Koffiecups",
      "brand": "Starbucks",
      "category": "Koffie en thee",
      "unit_size": "55 g",
      "offer_price": 4.69,
      "normal_price": 4.69,
      "price_per_unit": 0.47,
      "price_unit": "pieces",
      "discount_tag": "2+1 gratis",
      "promo_title": "Alle A-merk Nespresso Cups",
      "validity": "wo 17 t/m vr 26 dec",
      "image_url": "https://www.jumbo.com/dam-images/fit-in/360x360/Products/06052025_1746559967915_1746559970515_8445290815859_1.png",
      "source_url": "https://www.jumbo.com/aanbiedingen/alle-a-merk-nespresso-cups/3012492"
    },
    {
      "id": "278437STK",
      "name": "Starbucks® by Nespresso ® Espresso Dark Roast Decafe 10 Koffiecups",
      "brand": "Starbucks",
      "category": "Koffie en thee",
      "unit_size": "57 g",
      "offer_price": 4.69,
      "normal_price": 4.69,
      "price_per_unit": 0.47,
      "price_unit": "pieces",
      "discount_tag": "2+1 gratis",
      "promo_title": "Alle A-merk Nespresso Cups",
      "validity": "wo 17 t/m vr 26 dec",
      "image_url": "https://www.jumbo.com/dam-images/fit-in/360x360/Products/07122025_1765075533828_1765075535984_278437_STK_07613036961820_H1N1_s01.png",
      "source_url": "https://www.jumbo.com/aanbiedingen/alle-a-merk-nespresso-cups/3012492"
    },
    {
      "id": "509673DS",
      "name": "Smit & Dorlas Classic Roast Koffiecups 10 Stuks",
      "brand": "Smit & Dorlas",
      "category": "Koffie en thee",
      "unit_size": "53 g",
      "offer_price": 4.49,
      "normal_price": 4.49,
      "price_per_unit": 0.45,
      "price_unit": "pieces",
      "discount_tag": "2+1 gratis",
      "promo_title": "Alle A-merk Nespresso Cups",
      "validity": "wo 17 t/m vr 26 dec",
      "image_url": "https://www.jumbo.com/dam-images/fit-in/360x360/Products/10082023_1691677395880_1691677403190_8710435138255_1.png",
      "source_url": "https://www.jumbo.com/aanbiedingen/alle-a-merk-nespresso-cups/3012492"
    },
    {
      "id": "440950DS",
      "name": "Starbucks® by Nespresso ® House Blend Lungo 18 Koffiecups",
      "brand": "Starbucks",
      "category": "Koffie en thee",
      "unit_size": "103 g",
      "offer_price": 7.79,
      "normal_price": 7.79,
      "price_per_unit": 0.43,
      "price_unit": "pieces",
      "discount_tag": "2+1 gratis",
      "promo_title": "Alle A-merk Nespresso Cups",
      "validity": "wo 17 t/m vr 26 dec",
      "image_url": "https://www.jumbo.com/dam-images/fit-in/360x360/Products/06052025_1746559968181_1746559973528_7613287418890_1.png",
      "source_url": "https://www.jumbo.com/aanbiedingen/alle-a-merk-nespresso-cups/3012492"
    },
    {
      "id": "715916DS",
      "name": "Café Royal Flavoured Edition Dessert Dreams Tiramisu 10x50g",
      "brand": "Cafe Royal",
      "category": "Koffie en thee",
      "unit_size": "50 g",
      "offer_price": 4.19,
      "normal_price": 4.19,
      "price_per_unit": 0.42,
      "price_unit": "pieces",
      "discount_tag": "2+1 gratis",
      "promo_title": "Alle A-merk Nespresso Cups",
      "validity": "wo 17 t/m vr 26 dec",
      "image_url": "https://www.jumbo.com/dam-images/fit-in/360x360/Products/27082025_1756319608493_1756319613647_7616500934764_1.png",
      "source_url": "https://www.jumbo.com/aanbiedingen/alle-a-merk-nespresso-cups/3012492"
    },
    {
      "id": "513919DS",
      "name": "Roots Koffiecups Dark Roast 10 Stuks",
      "brand": "Roots",
      "category": "Koffie en thee",
      "unit_size": "52 g",
      "offer_price": 4.39,
      "normal_price": 4.39,
      "price_per_unit": 0.44,
      "price_unit": "pieces",
      "discount_tag": "2+1 gratis",
      "promo_title": "Alle A-merk Nespresso Cups",
      "validity": "wo 17 t/m vr 26 dec",
      "image_url": "https://www.jumbo.com/dam-images/fit-in/360x360/Products/09082023_1691590667460_1691590706249_8711363375996_1.png",
      "source_url": "https://www.jumbo.com/aanbiedingen/alle-a-merk-nespresso-cups/3012492"
    },
    {
      "id": "713196DS",
      "name": "Melitta CaféBar Selection Espresso 9 Intense Capsules 10 Stuks",
      "brand": "Melitta",
      "category": "Koffie en thee",
      "unit_size": "10 x 5.5 g",
      "offer_price": 4.49,
      "normal_price": 4.49,
      "price_per_unit": 0.45,
      "price_unit": "pieces",
      "discount_tag": "2+1 gratis",
      "promo_title": "Alle A-merk Nespresso Cups",
      "validity": "wo 17 t/m vr 26 dec",
      "image_url": "https://www.jumbo.com/dam-images/fit-in/360x360/Products/10102025_1760103189914_1760103194666_4002720514009_1.png",
      "source_url": "https://www.jumbo.com/aanbiedingen/alle-a-merk-nespresso-cups/3012492"
    },
    {
      "id": "706823DS",
      "name": "Smit & Dorlas Classic Roast Cups 20 stuks",
      "brand": "Smit & Dorlas",
      "category": "Koffie en thee",
      "unit_size": null,
      "offer_price": 6.99,
      "normal_price": 6.99,
      "price_per_unit": 0.35,
      "price_unit": "pieces",
      "discount_tag": "2+1 gratis",
      "promo_title": "Alle A-merk Nespresso Cups",
      "validity": "wo 17 t/m vr 26 dec",
      "image_url": "https://www.jumbo.com/dam-images/fit-in/360x360/Products/05082025_1754356192278_1754356197335_706823_DS_08710435138804_C1N1.png",
      "source_url": "https://www.jumbo.com/aanbiedingen/alle-a-merk-nespresso-cups/3012492"
    },
    {
      "id": "558563DS",
      "name": "Lavazza Espresso Lungo koffiecups 30st",
      "brand": "Lavazza",
      "category": "Koffie en thee",
      "unit_size": null,
      "offer_price": 12.79,
      "normal_price": 12.79,
      "price_per_unit": 0.43,
      "price_unit": "pieces",
      "discount_tag": "2+1 gratis",
      "promo_title": "Alle A-merk Nespresso Cups",
      "validity": "wo 17 t/m vr 26 dec",
      "image_url": "https://www.jumbo.com/dam-images/fit-in/360x360/Products/26112025_1764133960510_1764133969843_558563_DS_08000070067776_C1N1.png",
      "source_url": "https://www.jumbo.com/aanbiedingen/alle-a-merk-nespresso-cups/3012492"
    },
    {
      "id": "440948DS",
      "name": "Starbucks® by Nespresso ® Blonde Espresso Roast 18 Koffiecups",
      "brand": "Starbucks",
      "category": "Koffie en thee",
      "unit_size": "94 g",
      "offer_price": 7.79,
      "normal_price": 7.79,
      "price_per_unit": 0.43,
      "price_unit": "pieces",
      "discount_tag": "2+1 gratis",
      "promo_title": "Alle A-merk Nespresso Cups",
      "validity": "wo 17 t/m vr 26 dec",
      "image_url": "https://www.jumbo.com/dam-images/fit-in/360x360/Products/03122025_1764735208033_1764735219559_440948_DS_07613287417817_H1N1_s01.png",
      "source_url": "https://www.jumbo.com/aanbiedingen/alle-a-merk-nespresso-cups/3012492"
    },
    {
      "id": "234667STK",
      "name": "Starbucks® by Nespresso® Pike place Lungo 10 Koffiecups",
      "brand": "Starbucks",
      "category": "Koffie en thee",
      "unit_size": "53 g",
      "offer_price": 4.69,
      "normal_price": 4.69,
      "price_per_unit": 0.47,
      "price_unit": "pieces",
      "discount_tag": "2+1 gratis",
      "promo_title": "Alle A-merk Nespresso Cups",
      "validity": "wo 17 t/m vr 26 dec",
      "image_url": "https://www.jumbo.com/dam-images/fit-in/360x360/Products/07072025_1751850353266_1751850360027_234667_STK_07613036961769_C1N1_s01.png",
      "source_url": "https://www.jumbo.com/aanbiedingen/alle-a-merk-nespresso-cups/3012492"
    },
    {
      "id": "424853PAK",
      "name": "Café Royal Dark Chocolate Flavoured Coffee 10 Capsules 50 g",
      "brand": "Cafe Royal",
      "category": "Koffie en thee",
      "unit_size": "50 g",
      "offer_price": 4.19,
      "normal_price": 4.19,
      "price_per_unit": 0.42,
      "price_unit": "pieces",
      "discount_tag": "2+1 gratis",
      "promo_title": "Alle A-merk Nespresso Cups",
      "validity": "wo 17 t/m vr 26 dec",
      "image_url": "https://www.jumbo.com/dam-images/fit-in/360x360/Products/19112025_1763541854367_1763541859235_424853_PAK_.png",
      "source_url": "https://www.jumbo.com/aanbiedingen/alle-a-merk-nespresso-cups/3012492"
    },
    {
      "id": "713197DS",
      "name": "Melitta CaféBar Selection Ristretto 10 Capsules 10 Stuks",
      "brand": "Melitta",
      "category": "Koffie en thee",
      "unit_size": "10 x 5.5 g",
      "offer_price": 4.49,
      "normal_price": 4.49,
      "price_per_unit": 0.45,
      "price_unit": "pieces",
      "discount_tag": "2+1 gratis",
      "promo_title": "Alle A-merk Nespresso Cups",
      "validity": "wo 17 t/m vr 26 dec",
      "image_url": "https://www.jumbo.com/dam-images/fit-in/360x360/Products/10102025_1760099616700_1760099621607_4002720515006_1.png",
      "source_url": "https://www.jumbo.com/aanbiedingen/alle-a-merk-nespresso-cups/3012492"
    },
    {
      "id": "440947DS",
      "name": "Starbucks® by Nespresso ® Espresso Roast 18 Koffiecups",
      "brand": "Starbucks",
      "category": "Koffie en thee",
      "unit_size": "101 g",
      "offer_price": 7.79,
      "normal_price": 7.79,
      "price_per_unit": 0.43,
      "price_unit": "pieces",
      "discount_tag": "2+1 gratis",
      "promo_title": "Alle A-merk Nespresso Cups",
      "validity": "wo 17 t/m vr 26 dec",
      "image_url": "https://www.jumbo.com/dam-images/fit-in/360x360/Products/27112025_1764220013930_1764220021428_440947_DS_07613287414236_C1N1_s01.png",
      "source_url": "https://www.jumbo.com/aanbiedingen/alle-a-merk-nespresso-cups/3012492"
    },
    {
      "id": "715823PAK",
      "name": "Café Royal Espresso Forte 18 Capsules 93 g",
      "brand": "Cafe Royal",
      "category": "Koffie en thee",
      "unit_size": "93 g",
      "offer_price": 6.99,
      "normal_price": 6.99,
      "price_per_unit": 0.39,
      "price_unit": "pieces",
      "discount_tag": "2+1 gratis",
      "promo_title": "Alle A-merk Nespresso Cups",
      "validity": "wo 17 t/m vr 26 dec",
      "image_url": "https://www.jumbo.com/dam-images/fit-in/360x360/Products/19112025_1763545392568_1763545398711_715823_PAK_.png",
      "source_url": "https://www.jumbo.com/aanbiedingen/alle-a-merk-nespresso-cups/3012492"
    },
    {
      "id": "701322ZK",
      "name": "Perfect Ted Vanilla Matcha 10 x 5 g",
      "brand": "PerfectTed",
      "category": "Koffie en thee",
      "unit_size": "10 x 5 g",
      "offer_price": 6.49,
      "normal_price": 6.49,
      "price_per_unit": 129.8,
      "price_unit": "kg",
      "discount_tag": "2+1 gratis",
      "promo_title": "Alle A-merk Nespresso Cups",
      "validity": "wo 17 t/m vr 26 dec",
      "image_url": "https://www.jumbo.com/dam-images/fit-in/360x360/Products/27052025_1748341366824_1748341367344_701322_ZK_05060941970492_A1N1.png",
      "source_url": "https://www.jumbo.com/aanbiedingen/alle-a-merk-nespresso-cups/3012492"
    },
    {
      "id": "232885STK",
      "name": "illy Espresso Classico Koffiecups 10 Stuks",
      "brand": "Illy",
      "category": "Koffie en thee",
      "unit_size": "57 g",
      "offer_price": 5.49,
      "normal_price": 5.49,
      "price_per_unit": 0.55,
      "price_unit": "pieces",
      "discount_tag": "2+1 gratis",
      "promo_title": "Alle A-merk Nespresso Cups",
      "validity": "wo 17 t/m vr 26 dec",
      "image_url": "https://www.jumbo.com/dam-images/fit-in/360x360/Products/19112025_1763546410495_1763546412262_232885_STK_08003753158556_A1N1.png",
      "source_url": "https://www.jumbo.com/aanbiedingen/alle-a-merk-nespresso-cups/3012492"
    },
    {
      "id": "645862DS",
      "name": "Starbucks by Nespresso Single-Origin Coffee Guatemala 10 Stuks 52 g",
      "brand": "Starbucks",
      "category": "Koffie en thee",
      "unit_size": "52 g",
      "offer_price": 4.69,
      "normal_price": 4.69,
      "price_per_unit": 0.47,
      "price_unit": "pieces",
      "discount_tag": "2+1 gratis",
      "promo_title": "Alle A-merk Nespresso Cups",
      "validity": "wo 17 t/m vr 26 dec",
      "image_url": "https://www.jumbo.com/dam-images/fit-in/360x360/Products/06052025_1746559968148_1746559971087_7613287855503_1.png",
      "source_url": "https://www.jumbo.com/aanbiedingen/alle-a-merk-nespresso-cups/3012492"
    },
    {
      "id": "704664DS",
      "name": "Starbucks® by Nespresso® Smooth Caramel 10 Koffiecups",
      "brand": "Starbucks",
      "category": "Koffie en thee",
      "unit_size": "51 g",
      "offer_price": 4.69,
      "normal_price": 4.69,
      "price_per_unit": 0.47,
      "price_unit": "pieces",
      "discount_tag": "2+1 gratis",
      "promo_title": "Alle A-merk Nespresso Cups",
      "validity": "wo 17 t/m vr 26 dec",
      "image_url": "https://www.jumbo.com/dam-images/fit-in/360x360/Products/04122025_1764816592915_1764816597182_704664_DS_08445290154187_H1N1_s01.png",
      "source_url": "https://www.jumbo.com/aanbiedingen/alle-a-merk-nespresso-cups/3012492"
    },
    {
      "id": "234668STK",
      "name": "Starbucks® by Nespresso ® Espresso Dark Roast 10 Koffiecups",
      "brand": "Starbucks",
      "category": "Koffie en thee",
      "unit_size": "57 g",
      "offer_price": 4.69,
      "normal_price": 4.69,
      "price_per_unit": 0.47,
      "price_unit": "pieces",
      "discount_tag": "2+1 gratis",
      "promo_title": "Alle A-merk Nespresso Cups",
      "validity": "wo 17 t/m vr 26 dec",
      "image_url": "https://www.jumbo.com/dam-images/fit-in/360x360/Products/03092025_1756863304389_1756863345367_234668_STK_07613036961622_C1N1_s01.png",
      "source_url": "https://www.jumbo.com/aanbiedingen/alle-a-merk-nespresso-cups/3012492"
    },
    {
      "id": "705766DS",
      "name": "Lavazza Qualità Oro Maxi Pack 30 stuks",
      "brand": "Lavazza",
      "category": "Koffie en thee",
      "unit_size": null,
      "offer_price": 12.79,
      "normal_price": 12.79,
      "price_per_unit": 0.43,
      "price_unit": "pieces",
      "discount_tag": "2+1 gratis",
      "promo_title": "Alle A-merk Nespresso Cups",
      "validity": "wo 17 t/m vr 26 dec",
      "image_url": "https://www.jumbo.com/dam-images/fit-in/360x360/Products/19062025_1750325113049_1750325116445_705766_DS_08000070074736_C1N1.png",
      "source_url": "https://www.jumbo.com/aanbiedingen/alle-a-merk-nespresso-cups/3012492"
    },
    {
      "id": "541521DS",
      "name": "illy Lungo Intenso Koffiecups 10 Stuks",
      "brand": "Illy",
      "category": "Koffie en thee",
      "unit_size": "57 g",
      "offer_price": 5.49,
      "normal_price": 5.49,
      "price_per_unit": 0.55,
      "price_unit": "pieces",
      "discount_tag": "2+1 gratis",
      "promo_title": "Alle A-merk Nespresso Cups",
      "validity": "wo 17 t/m vr 26 dec",
      "image_url": "https://www.jumbo.com/dam-images/fit-in/360x360/Products/15042025_1744685508015_1744685510091_541521_DS_08003753199009_A1N1.png",
      "source_url": "https://www.jumbo.com/aanbiedingen/alle-a-merk-nespresso-cups/3012492"
    },
    {
      "id": "715972DS",
      "name": "Moyee Espresso Caps 10 stuks",
      "brand": "MOYEE",
      "category": "Koffie en thee",
      "unit_size": null,
      "offer_price": 4.19,
      "normal_price": 4.19,
      "price_per_unit": 0.42,
      "price_unit": "pieces",
      "discount_tag": "2+1 gratis",
      "promo_title": "Alle A-merk Nespresso Cups",
      "validity": "wo 17 t/m vr 26 dec",
      "image_url": "",
      "source_url": "https://www.jumbo.com/aanbiedingen/alle-a-merk-nespresso-cups/3012492"
    },
    {
      "id": "715917DS",
      "name": "Moyee Lungo Nespresso caps 10 stuks",
      "brand": "MOYEE",
      "category": "Koffie en thee",
      "unit_size": null,
      "offer_price": 4.19,
      "normal_price": 4.19,
      "price_per_unit": 0.42,
      "price_unit": "pieces",
      "discount_tag": "2+1 gratis",
      "promo_title": "Alle A-merk Nespresso Cups",
      "validity": "wo 17 t/m vr 26 dec",
      "image_url": "",
      "source_url": "https://www.jumbo.com/aanbiedingen/alle-a-merk-nespresso-cups/3012492"
    },
    {
      "id": "705768DS",
      "name": "Lavazza Qualità Rossa Maxi Pack 30 stuks",
      "brand": "Lavazza",
      "category": "Koffie en thee",
      "unit_size": null,
      "offer_price": 12.79,
      "normal_price": 12.79,
      "price_per_unit": 0.43,
      "price_unit": "pieces",
      "discount_tag": "2+1 gratis",
      "promo_title": "Alle A-merk Nespresso Cups",
      "validity": "wo 17 t/m vr 26 dec",
      "image_url": "https://www.jumbo.com/dam-images/fit-in/360x360/Products/19062025_1750325156719_1750325164459_705768_DS_08000070053847_C1N1.png",
      "source_url": "https://www.jumbo.com/aanbiedingen/alle-a-merk-nespresso-cups/3012492"
    },
    {
      "id": "513916DS",
      "name": "Roots Koffiecups Medium Roast 10 Stuks",
      "brand": "Roots",
      "category": "Koffie en thee",
      "unit_size": "52 g",
      "offer_price": 4.39,
      "normal_price": 4.39,
      "price_per_unit": 0.44,
      "price_unit": "pieces",
      "discount_tag": "2+1 gratis",
      "promo_title": "Alle A-merk Nespresso Cups",
      "validity": "wo 17 t/m vr 26 dec",
      "image_url": "https://www.jumbo.com/dam-images/fit-in/360x360/Products/09082023_1691590437370_1691590460835_8711363375859_1.png",
      "source_url": "https://www.jumbo.com/aanbiedingen/alle-a-merk-nespresso-cups/3012492"
    },
    {
      "id": "705754DS",
      "name": "Lavazza Nespresso Tales of Roma 57g",
      "brand": "Lavazza",
      "category": "Koffie en thee",
      "unit_size": null,
      "offer_price": 4.99,
      "normal_price": 4.99,
      "price_per_unit": 87.54,
      "price_unit": "kg",
      "discount_tag": "2+1 gratis",
      "promo_title": "Alle A-merk Nespresso Cups",
      "validity": "wo 17 t/m vr 26 dec",
      "image_url": "https://www.jumbo.com/dam-images/fit-in/360x360/Products/19062025_1750324959914_1750324963775_705754_DS_08000070075290_C1N1.png",
      "source_url": "https://www.jumbo.com/aanbiedingen/alle-a-merk-nespresso-cups/3012492"
    },
    {
      "id": "560137PAK",
      "name": "Café Royal Cinnamon Flavoured Coffee 10 Capsules 50 g",
      "brand": "Cafe Royal",
      "category": "Koffie en thee",
      "unit_size": "50 g",
      "offer_price": 4.19,
      "normal_price": 4.19,
      "price_per_unit": 0.42,
      "price_unit": "pieces",
      "discount_tag": "2+1 gratis",
      "promo_title": "Alle A-merk Nespresso Cups",
      "validity": "wo 17 t/m vr 26 dec",
      "image_url": "https://www.jumbo.com/dam-images/fit-in/360x360/Products/19112025_1763528258327_1763528263749_560137_PAK_.png",
      "source_url": "https://www.jumbo.com/aanbiedingen/alle-a-merk-nespresso-cups/3012492"
    },
    {
      "id": "713191DS",
      "name": "Melitta CaféBar Selection Lungo 8 Intense Capsules 10 Stuks",
      "brand": "Melitta",
      "category": "Koffie en thee",
      "unit_size": "10 x 5.5 g",
      "offer_price": 4.49,
      "normal_price": 4.49,
      "price_per_unit": 0.45,
      "price_unit": "pieces",
      "discount_tag": "2+1 gratis",
      "promo_title": "Alle A-merk Nespresso Cups",
      "validity": "wo 17 t/m vr 26 dec",
      "image_url": "https://www.jumbo.com/dam-images/fit-in/360x360/Products/10102025_1760103189840_1760103194567_4002720513002_1.png",
      "source_url": "https://www.jumbo.com/aanbiedingen/alle-a-merk-nespresso-cups/3012492"
    },
    {
      "id": "474373DS",
      "name": "Lavazza Espresso Decafe koffiecups 10 stuks",
      "brand": "Lavazza",
      "category": "Koffie en thee",
      "unit_size": null,
      "offer_price": 4.99,
      "normal_price": 4.99,
      "price_per_unit": 0.5,
      "price_unit": "pieces",
      "discount_tag": "2+1 gratis",
      "promo_title": "Alle A-merk Nespresso Cups",
      "validity": "wo 17 t/m vr 26 dec",
      "image_url": "https://www.jumbo.com/dam-images/fit-in/360x360/Products/08072025_1751940192228_1751940194984_474373_DS_08000070053502_C1N1.png",
      "source_url": "https://www.jumbo.com/aanbiedingen/alle-a-merk-nespresso-cups/3012492"
    },
    {
      "id": "233326STK",
      "name": "Café Royal Vanilla 10 Capsules 50 g",
      "brand": "Cafe Royal",
      "category": "Koffie en thee",
      "unit_size": "50 g",
      "offer_price": 4.19,
      "normal_price": 4.19,
      "price_per_unit": 0.42,
      "price_unit": "pieces",
      "discount_tag": "2+1 gratis",
      "promo_title": "Alle A-merk Nespresso Cups",
      "validity": "wo 17 t/m vr 26 dec",
      "image_url": "https://www.jumbo.com/dam-images/fit-in/360x360/Products/19112025_1763548160984_1763548166108_233326_STK_.png",
      "source_url": "https://www.jumbo.com/aanbiedingen/alle-a-merk-nespresso-cups/3012492"
    },
    {
      "id": "513917DS",
      "name": "Roots Koffiecups Extra Dark Roast 10 Stuks",
      "brand": "Roots",
      "category": "Koffie en thee",
      "unit_size": "52 g",
      "offer_price": 4.39,
      "normal_price": 4.39,
      "price_per_unit": 0.44,
      "price_unit": "pieces",
      "discount_tag": "2+1 gratis",
      "promo_title": "Alle A-merk Nespresso Cups",
      "validity": "wo 17 t/m vr 26 dec",
      "image_url": "https://www.jumbo.com/dam-images/fit-in/360x360/Products/09082023_1691590437452_1691590461418_8711363376139_1.png",
      "source_url": "https://www.jumbo.com/aanbiedingen/alle-a-merk-nespresso-cups/3012492"
    },
    {
      "id": "614868DS",
      "name": "Crema e Gusto Classico koffiecups 10stuks",
      "brand": "Lavazza",
      "category": "Koffie en thee",
      "unit_size": null,
      "offer_price": 4.99,
      "normal_price": 4.99,
      "price_per_unit": 0.5,
      "price_unit": "pieces",
      "discount_tag": "2+1 gratis",
      "promo_title": "Alle A-merk Nespresso Cups",
      "validity": "wo 17 t/m vr 26 dec",
      "image_url": "https://www.jumbo.com/dam-images/fit-in/360x360/Products/26112025_1764131248334_1764131259071_614868_DS_08000070053472_C1N1.png",
      "source_url": "https://www.jumbo.com/aanbiedingen/alle-a-merk-nespresso-cups/3012492"
    },
    {
      "id": "557569DS",
      "name": "Lavazza Espresso Classico koffiecups 30st",
      "brand": "Lavazza",
      "category": "Koffie en thee",
      "unit_size": null,
      "offer_price": 12.79,
      "normal_price": 12.79,
      "price_per_unit": 0.43,
      "price_unit": "pieces",
      "discount_tag": "2+1 gratis",
      "promo_title": "Alle A-merk Nespresso Cups",
      "validity": "wo 17 t/m vr 26 dec",
      "image_url": "https://www.jumbo.com/dam-images/fit-in/360x360/Products/26112025_1764126089366_1764126098173_557569_DS_08000070053861_C1N1.png",
      "source_url": "https://www.jumbo.com/aanbiedingen/alle-a-merk-nespresso-cups/3012492"
    },
    {
      "id": "705755DS",
      "name": "Lavazza Tales of Napoli 10 stuks",
      "brand": "Lavazza",
      "category": "Koffie en thee",
      "unit_size": null,
      "offer_price": 4.99,
      "normal_price": 4.99,
      "price_per_unit": 0.5,
      "price_unit": "pieces",
      "discount_tag": "2+1 gratis",
      "promo_title": "Alle A-merk Nespresso Cups",
      "validity": "wo 17 t/m vr 26 dec",
      "image_url": "https://www.jumbo.com/dam-images/fit-in/360x360/Products/19062025_1750324969257_1750324980965_705755_DS_08000070075214_C1N1.png",
      "source_url": "https://www.jumbo.com/aanbiedingen/alle-a-merk-nespresso-cups/3012492"
    },
    {
      "id": "701321ZK",
      "name": "Perfect Ted Ceremonial Grade Matcha 10 x 1,5 g",
      "brand": "PerfectTed",
      "category": "Koffie en thee",
      "unit_size": "10 x 1.5 g",
      "offer_price": 6.49,
      "normal_price": 6.49,
      "price_per_unit": 0.65,
      "price_unit": "pieces",
      "discount_tag": "2+1 gratis",
      "promo_title": "Alle A-merk Nespresso Cups",
      "validity": "wo 17 t/m vr 26 dec",
      "image_url": "https://www.jumbo.com/dam-images/fit-in/360x360/Products/27102025_1761561207271_1761561212454_5060941970485_1.png",
      "source_url": "https://www.jumbo.com/aanbiedingen/alle-a-merk-nespresso-cups/3012492"
    },
    {
      "id": "372104DS",
      "name": "illy Espresso Decaffeinato Koffiecups 10 Stuks",
      "brand": "Illy",
      "category": "Koffie en thee",
      "unit_size": "57 g",
      "offer_price": 5.49,
      "normal_price": 5.49,
      "price_per_unit": 0.55,
      "price_unit": "pieces",
      "discount_tag": "2+1 gratis",
      "promo_title": "Alle A-merk Nespresso Cups",
      "validity": "wo 17 t/m vr 26 dec",
      "image_url": "https://www.jumbo.com/dam-images/fit-in/360x360/Products/19112025_1763536807309_1763536808903_372104_DS_08003753168142_A1N1.png",
      "source_url": "https://www.jumbo.com/aanbiedingen/alle-a-merk-nespresso-cups/3012492"
    },
    {
      "id": "704665DS",
      "name": "Starbucks® by Nespresso® Creamy Vanilla 10 Koffiecups",
      "brand": "Starbucks",
      "category": "Koffie en thee",
      "unit_size": "51 g",
      "offer_price": 4.69,
      "normal_price": 4.69,
      "price_per_unit": 0.47,
      "price_unit": "pieces",
      "discount_tag": "2+1 gratis",
      "promo_title": "Alle A-merk Nespresso Cups",
      "validity": "wo 17 t/m vr 26 dec",
      "image_url": "https://www.jumbo.com/dam-images/fit-in/360x360/Products/13062025_1749839587481_1749839590102_8445290156044_1.png",
      "source_url": "https://www.jumbo.com/aanbiedingen/alle-a-merk-nespresso-cups/3012492"
    },
    {
      "id": "232882STK",
      "name": "Illy Lungo Classico Koffiecups 10 stuks",
      "brand": "Illy",
      "category": "Koffie en thee",
      "unit_size": "57 g",
      "offer_price": 5.49,
      "normal_price": 5.49,
      "price_per_unit": 0.55,
      "price_unit": "pieces",
      "discount_tag": "2+1 gratis",
      "promo_title": "Alle A-merk Nespresso Cups",
      "validity": "wo 17 t/m vr 26 dec",
      "image_url": "https://www.jumbo.com/dam-images/fit-in/360x360/Products/19112025_1763546279175_1763546280604_232882_STK_08003753158617_A1N1.png",
      "source_url": "https://www.jumbo.com/aanbiedingen/alle-a-merk-nespresso-cups/3012492"
    },
    {
      "id": "706833DS",
      "name": "Bialetti Nespresso Raffinato Cups 50g",
      "brand": "Bialetti",
      "category": "Koffie en thee",
      "unit_size": null,
      "offer_price": 4.59,
      "normal_price": 4.59,
      "price_per_unit": 0.46,
      "price_unit": "pieces",
      "discount_tag": "2+1 gratis",
      "promo_title": "Alle A-merk Nespresso Cups",
      "validity": "wo 17 t/m vr 26 dec",
      "image_url": "https://www.jumbo.com/dam-images/fit-in/360x360/Products/26062025_1750941514472_1750941517987_706833_DS_08006363074070_C1N1.png",
      "source_url": "https://www.jumbo.com/aanbiedingen/alle-a-merk-nespresso-cups/3012492"
    },
    {
      "id": "706824DS",
      "name": "Smit & Dorlas Dark Roast Cups 20 stuks",
      "brand": "Smit & Dorlas",
      "category": "Koffie en thee",
      "unit_size": null,
      "offer_price": 6.99,
      "normal_price": 6.99,
      "price_per_unit": 0.35,
      "price_unit": "pieces",
      "discount_tag": "2+1 gratis",
      "promo_title": "Alle A-merk Nespresso Cups",
      "validity": "wo 17 t/m vr 26 dec",
      "image_url": "https://www.jumbo.com/dam-images/fit-in/360x360/Products/05082025_1754356199553_1754356204411_706824_DS_08710435138811_C1N1.png",
      "source_url": "https://www.jumbo.com/aanbiedingen/alle-a-merk-nespresso-cups/3012492"
    },
    {
      "id": "706830DS",
      "name": "Bialetti Nespresso Deciso Cups 50g",
      "brand": "Bialetti",
      "category": "Koffie en thee",
      "unit_size": null,
      "offer_price": 4.59,
      "normal_price": 4.59,
      "price_per_unit": 0.46,
      "price_unit": "pieces",
      "discount_tag": "2+1 gratis",
      "promo_title": "Alle A-merk Nespresso Cups",
      "validity": "wo 17 t/m vr 26 dec",
      "image_url": "https://www.jumbo.com/dam-images/fit-in/360x360/Products/26062025_1750941250444_1750941254061_706830_DS_08006363074087_C1N1.png",
      "source_url": "https://www.jumbo.com/aanbiedingen/alle-a-merk-nespresso-cups/3012492"
    },
    {
      "id": "705750DS",
      "name": "Lavazza Espresso Maestro Ristretto 30 stuks",
      "brand": "Lavazza",
      "category": "Koffie en thee",
      "unit_size": null,
      "offer_price": 12.79,
      "normal_price": 12.79,
      "price_per_unit": 0.43,
      "price_unit": "pieces",
      "discount_tag": "2+1 gratis",
      "promo_title": "Alle A-merk Nespresso Cups",
      "validity": "wo 17 t/m vr 26 dec",
      "image_url": "https://www.jumbo.com/dam-images/fit-in/360x360/Products/19062025_1750324851585_1750324855992_705750_DS_08000070063143_C1N1.png",
      "source_url": "https://www.jumbo.com/aanbiedingen/alle-a-merk-nespresso-cups/3012492"
    },
    {
      "id": "509677DS",
      "name": "Smit & Dorlas Extra Dark Roast Koffiecups 10 Stuks",
      "brand": "Smit & Dorlas",
      "category": "Koffie en thee",
      "unit_size": "53 g",
      "offer_price": 4.49,
      "normal_price": 4.49,
      "price_per_unit": 0.45,
      "price_unit": "pieces",
      "discount_tag": "2+1 gratis",
      "promo_title": "Alle A-merk Nespresso Cups",
      "validity": "wo 17 t/m vr 26 dec",
      "image_url": "https://www.jumbo.com/dam-images/fit-in/360x360/Products/10082023_1691677396226_1691677415739_8710435138279_1.png",
      "source_url": "https://www.jumbo.com/aanbiedingen/alle-a-merk-nespresso-cups/3012492"
    },
    {
      "id": "684358DS",
      "name": "Starbucks® by Nespresso® Ristretto Shot 10 Koffiecups",
      "brand": "Starbucks",
      "category": "Koffie en thee",
      "unit_size": "57 g",
      "offer_price": 4.69,
      "normal_price": 4.69,
      "price_per_unit": 0.47,
      "price_unit": "pieces",
      "discount_tag": "2+1 gratis",
      "promo_title": "Alle A-merk Nespresso Cups",
      "validity": "wo 17 t/m vr 26 dec",
      "image_url": "https://www.jumbo.com/dam-images/fit-in/360x360/Products/07122025_1765073273018_1765073288014_684358_DS_08445291452626_H1N1_s01.png",
      "source_url": "https://www.jumbo.com/aanbiedingen/alle-a-merk-nespresso-cups/3012492"
    },
    {
      "id": "706649DS",
      "name": "Smit & Dorlas Decaffeinato 10 stuks",
      "brand": "Smit & Dorlas",
      "category": "Koffie en thee",
      "unit_size": null,
      "offer_price": 4.49,
      "normal_price": 4.49,
      "price_per_unit": 0.45,
      "price_unit": "pieces",
      "discount_tag": "2+1 gratis",
      "promo_title": "Alle A-merk Nespresso Cups",
      "validity": "wo 17 t/m vr 26 dec",
      "image_url": "https://www.jumbo.com/dam-images/fit-in/360x360/Products/05082025_1754355677144_1754355681974_706649_DS_08710435138798_C1N1.png",
      "source_url": "https://www.jumbo.com/aanbiedingen/alle-a-merk-nespresso-cups/3012492"
    },
    {
      "id": "234663STK",
      "name": "Starbucks® by Nespresso ® Colombia Medium Roast 10 Koffiecups",
      "brand": "Starbucks",
      "category": "Koffie en thee",
      "unit_size": "57 g",
      "offer_price": 4.69,
      "normal_price": 4.69,
      "price_per_unit": 0.47,
      "price_unit": "pieces",
      "discount_tag": "2+1 gratis",
      "promo_title": "Alle A-merk Nespresso Cups",
      "validity": "wo 17 t/m vr 26 dec",
      "image_url": "https://www.jumbo.com/dam-images/fit-in/360x360/Products/07122025_1765075980821_1765075985133_234663_STK_07613036961684_H1N1_s01.png",
      "source_url": "https://www.jumbo.com/aanbiedingen/alle-a-merk-nespresso-cups/3012492"
    },
    {
      "id": "591965DS",
      "name": "Café Royal Lungo Classico Big Pack 18 Capsules 93 g",
      "brand": "Cafe Royal",
      "category": "Koffie en thee",
      "unit_size": "93 g",
      "offer_price": 6.99,
      "normal_price": 6.99,
      "price_per_unit": 0.39,
      "price_unit": "pieces",
      "discount_tag": "2+1 gratis",
      "promo_title": "Alle A-merk Nespresso Cups",
      "validity": "wo 17 t/m vr 26 dec",
      "image_url": "https://www.jumbo.com/dam-images/fit-in/360x360/Products/19112025_1763547433648_1763547442878_591965_DS_07616500938663_C1N1_s01.png",
      "source_url": "https://www.jumbo.com/aanbiedingen/alle-a-merk-nespresso-cups/3012492"
    },
    {
      "id": "560136PAK",
      "name": "Café Royal Amaretti Flavoured Coffee 10 Capsules 50 g",
      "brand": "Cafe Royal",
      "category": "Koffie en thee",
      "unit_size": "50 g",
      "offer_price": 4.19,
      "normal_price": 4.19,
      "price_per_unit": 0.42,
      "price_unit": "pieces",
      "discount_tag": "2+1 gratis",
      "promo_title": "Alle A-merk Nespresso Cups",
      "validity": "wo 17 t/m vr 26 dec",
      "image_url": "https://www.jumbo.com/dam-images/fit-in/360x360/Products/19112025_1763528214835_1763528220175_560136_PAK_.png",
      "source_url": "https://www.jumbo.com/aanbiedingen/alle-a-merk-nespresso-cups/3012492"
    },
    {
      "id": "583150DS",
      "name": "Starbucks by Nespresso Toffee Nut Flavoured Coffee Limited Edition 10 Capsules 51 g",
      "brand": "Starbucks",
      "category": "Koffie en thee",
      "unit_size": "51 g",
      "offer_price": 4.94,
      "normal_price": 4.94,
      "price_per_unit": 0.49,
      "price_unit": "pieces",
      "discount_tag": "2+1 gratis",
      "promo_title": "Alle A-merk Nespresso Cups",
      "validity": "wo 17 t/m vr 26 dec",
      "image_url": "https://www.jumbo.com/dam-images/fit-in/360x360/Products/16092025_1758026015165_1758026018138_8445290452900_1.png",
      "source_url": "https://www.jumbo.com/aanbiedingen/alle-a-merk-nespresso-cups/3012492"
    },
    {
      "id": "234664STK",
      "name": "Starbucks® by Nespresso® Caffè Verona 10 Koffiecups",
      "brand": "Starbucks",
      "category": "Koffie en thee",
      "unit_size": "55 g",
      "offer_price": 4.69,
      "normal_price": 4.69,
      "price_per_unit": 0.47,
      "price_unit": "pieces",
      "discount_tag": "2+1 gratis",
      "promo_title": "Alle A-merk Nespresso Cups",
      "validity": "wo 17 t/m vr 26 dec",
      "image_url": "https://www.jumbo.com/dam-images/fit-in/360x360/Products/07122025_1765075969318_1765075973960_234664_STK_07613036958967_H1N1_s01.png",
      "source_url": "https://www.jumbo.com/aanbiedingen/alle-a-merk-nespresso-cups/3012492"
    },
    {
      "id": "359521STK",
      "name": "Café Royal Hazelnut Flavoured Coffee 10 Capsules 50 g",
      "brand": "Cafe Royal",
      "category": "Koffie en thee",
      "unit_size": "50 g",
      "offer_price": 4.19,
      "normal_price": 4.19,
      "price_per_unit": 0.42,
      "price_unit": "pieces",
      "discount_tag": "2+1 gratis",
      "promo_title": "Alle A-merk Nespresso Cups",
      "validity": "wo 17 t/m vr 26 dec",
      "image_url": "https://www.jumbo.com/dam-images/fit-in/360x360/Products/19112025_1763522559534_1763522565685_359521_STK_.png",
      "source_url": "https://www.jumbo.com/aanbiedingen/alle-a-merk-nespresso-cups/3012492"
    },
    {
      "id": "234665STK",
      "name": "Starbucks® by Nespresso® Blonde Espresso Roast 10 Koffiecups",
      "brand": "Starbucks",
      "category": "Koffie en thee",
      "unit_size": "53 g",
      "offer_price": 4.69,
      "normal_price": 4.69,
      "price_per_unit": 0.47,
      "price_unit": "pieces",
      "discount_tag": "2+1 gratis",
      "promo_title": "Alle A-merk Nespresso Cups",
      "validity": "wo 17 t/m vr 26 dec",
      "image_url": "https://www.jumbo.com/dam-images/fit-in/360x360/Products/16122025_1765851701926_1765851706329_234665_STK_07613036961561_H1N1_s01.png",
      "source_url": "https://www.jumbo.com/aanbiedingen/alle-a-merk-nespresso-cups/3012492"
    },
    {
      "id": "706831DS",
      "name": "Bialetti Nespresso Cremoso Cups 50g",
      "brand": "Bialetti",
      "category": "Koffie en thee",
      "unit_size": null,
      "offer_price": 4.59,
      "normal_price": 4.59,
      "price_per_unit": 0.46,
      "price_unit": "pieces",
      "discount_tag": "2+1 gratis",
      "promo_title": "Alle A-merk Nespresso Cups",
      "validity": "wo 17 t/m vr 26 dec",
      "image_url": "https://www.jumbo.com/dam-images/fit-in/360x360/Products/26062025_1750941503082_1750941506491_706831_DS_08006363074094_C1N1.png",
      "source_url": "https://www.jumbo.com/aanbiedingen/alle-a-merk-nespresso-cups/3012492"
    },
    {
      "id": "485514FLS",
      "name": "Calvé Knijpfles Samba Saus 250 ml",
      "brand": "Calvé",
      "category": "Conserven, soepen, sauzen, oliën",
      "unit_size": "250 ml",
      "offer_price": 3.39,
      "normal_price": 3.39,
      "price_per_unit": 13.56,
      "price_unit": "l",
      "discount_tag": "1+1 gratis",
      "promo_title": "Calvé sauzen",
      "validity": "wo 17 t/m vr 26 dec",
      "image_url": "https://www.jumbo.com/dam-images/fit-in/360x360/Products/12082025_1754987602607_1754987608335_8720182269997_1.png",
      "source_url": "https://www.jumbo.com/aanbiedingen/calve-sauzen/3012398"
    },
    {
      "id": "73299FLS",
      "name": "Calvé Saus Knoflook 320 ml",
      "brand": "Calvé",
      "category": "Conserven, soepen, sauzen, oliën",
      "unit_size": "320 ml",
      "offer_price": 2.59,
      "normal_price": 2.59,
      "price_per_unit": 8.09,
      "price_unit": "l",
      "discount_tag": "1+1 gratis",
      "promo_title": "Calvé sauzen",
      "validity": "wo 17 t/m vr 26 dec",
      "image_url": "https://www.jumbo.com/dam-images/fit-in/360x360/Products/29112025_1764389044813_1764389061024_73299_FLS_08720182743558_H1N1.png",
      "source_url": "https://www.jumbo.com/aanbiedingen/calve-sauzen/3012398"
    },
    {
      "id": "613263FLS",
      "name": "Calvé Knijpfles Zoetzuur Saus 250 ml ",
      "brand": "Calvé",
      "category": "Conserven, soepen, sauzen, oliën",
      "unit_size": "250 ml",
      "offer_price": 2.99,
      "normal_price": 2.99,
      "price_per_unit": 11.96,
      "price_unit": "l",
      "discount_tag": "1+1 gratis",
      "promo_title": "Calvé sauzen",
      "validity": "wo 17 t/m vr 26 dec",
      "image_url": "https://www.jumbo.com/dam-images/fit-in/360x360/Products/30072025_1753889672951_1753889678175_8720182783349_1.png",
      "source_url": "https://www.jumbo.com/aanbiedingen/calve-sauzen/3012398"
    },
    {
      "id": "485494FLS",
      "name": "Calvé Dressing Knoflooksaus 250 ml",
      "brand": "Calvé",
      "category": "Conserven, soepen, sauzen, oliën",
      "unit_size": "250 ml",
      "offer_price": 2.89,
      "normal_price": 2.89,
      "price_per_unit": 11.56,
      "price_unit": "l",
      "discount_tag": "1+1 gratis",
      "promo_title": "Calvé sauzen",
      "validity": "wo 17 t/m vr 26 dec",
      "image_url": "https://www.jumbo.com/dam-images/fit-in/360x360/Products/09122025_1765249547700_1765249572895_485494_FLS_08720182255563_H1N1.png",
      "source_url": "https://www.jumbo.com/aanbiedingen/calve-sauzen/3012398"
    },
    {
      "id": "73298FLS",
      "name": "Calvé Saus Whisky Cocktail 320 ml",
      "brand": "Calvé",
      "category": "Conserven, soepen, sauzen, oliën",
      "unit_size": "320 ml",
      "offer_price": 2.59,
      "normal_price": 2.59,
      "price_per_unit": 8.09,
      "price_unit": "l",
      "discount_tag": "1+1 gratis",
      "promo_title": "Calvé sauzen",
      "validity": "wo 17 t/m vr 26 dec",
      "image_url": "https://www.jumbo.com/dam-images/fit-in/360x360/Products/29112025_1764389091354_1764389121045_73298_FLS_08720182743824_H1N1.png",
      "source_url": "https://www.jumbo.com/aanbiedingen/calve-sauzen/3012398"
    },
    {
      "id": "485496FLS",
      "name": "Calvé Knijpfles Broodje Unox Saus 250 ml",
      "brand": "Calvé",
      "category": "Conserven, soepen, sauzen, oliën",
      "unit_size": "250 ml",
      "offer_price": 2.89,
      "normal_price": 2.89,
      "price_per_unit": 11.56,
      "price_unit": "l",
      "discount_tag": "1+1 gratis",
      "promo_title": "Calvé sauzen",
      "validity": "wo 17 t/m vr 26 dec",
      "image_url": "https://www.jumbo.com/dam-images/fit-in/360x360/Products/30102025_1761792619367_1761792645540_485496_FLS_08720182255082_C1N1.png",
      "source_url": "https://www.jumbo.com/aanbiedingen/calve-sauzen/3012398"
    },
    {
      "id": "485499FLS",
      "name": "Calvé Knijpfles Samourai Saus 250 ml",
      "brand": "Calvé",
      "category": "Conserven, soepen, sauzen, oliën",
      "unit_size": "250 ml",
      "offer_price": 2.99,
      "normal_price": 2.99,
      "price_per_unit": 11.96,
      "price_unit": "l",
      "discount_tag": "1+1 gratis",
      "promo_title": "Calvé sauzen",
      "validity": "wo 17 t/m vr 26 dec",
      "image_url": "https://www.jumbo.com/dam-images/fit-in/360x360/Products/14122025_1765681382821_1765681388476_485499_FLS_08720182252982_H1N1.png",
      "source_url": "https://www.jumbo.com/aanbiedingen/calve-sauzen/3012398"
    },
    {
      "id": "613264FLS",
      "name": "Calvé Knijpfles Fiesta Picante Saus 250 ml",
      "brand": "Calvé",
      "category": "Conserven, soepen, sauzen, oliën",
      "unit_size": "250 ml",
      "offer_price": 2.99,
      "normal_price": 2.99,
      "price_per_unit": 11.96,
      "price_unit": "l",
      "discount_tag": "1+1 gratis",
      "promo_title": "Calvé sauzen",
      "validity": "wo 17 t/m vr 26 dec",
      "image_url": "https://www.jumbo.com/dam-images/fit-in/360x360/Products/30032025_1743297046523_1743297061791_613264_FLS_08720182798053_C1N1.png",
      "source_url": "https://www.jumbo.com/aanbiedingen/calve-sauzen/3012398"
    },
    {
      "id": "485498FLS",
      "name": "Calvé Knijpfles BBQ Saus 250 ml",
      "brand": "Calvé",
      "category": "Conserven, soepen, sauzen, oliën",
      "unit_size": "250 ml",
      "offer_price": 2.85,
      "normal_price": 2.85,
      "price_per_unit": 11.4,
      "price_unit": "l",
      "discount_tag": "1+1 gratis",
      "promo_title": "Calvé sauzen",
      "validity": "wo 17 t/m vr 26 dec",
      "image_url": "https://www.jumbo.com/dam-images/fit-in/360x360/Products/14122025_1765681362996_1765681384502_485498_FLS_08720182286864_C1N1.png",
      "source_url": "https://www.jumbo.com/aanbiedingen/calve-sauzen/3012398"
    },
    {
      "id": "198248FLS",
      "name": "Calvé Saus Honing Mosterd 250 ml",
      "brand": "Calvé",
      "category": "Conserven, soepen, sauzen, oliën",
      "unit_size": null,
      "offer_price": 2.79,
      "normal_price": 2.79,
      "price_per_unit": 11.16,
      "price_unit": "l",
      "discount_tag": "1+1 gratis",
      "promo_title": "Calvé sauzen",
      "validity": "wo 17 t/m vr 26 dec",
      "image_url": "https://www.jumbo.com/dam-images/fit-in/360x360/Products/01122025_1764561381730_1764561386620_198248_FLS_08720182743589_H1N1.png",
      "source_url": "https://www.jumbo.com/aanbiedingen/calve-sauzen/3012398"
    },
    {
      "id": "485513FLS",
      "name": "Calvé Knijpfles Ravigotte Saus 250 ml",
      "brand": "Calvé",
      "category": "Conserven, soepen, sauzen, oliën",
      "unit_size": "250 ml",
      "offer_price": 3.29,
      "normal_price": 3.29,
      "price_per_unit": 13.16,
      "price_unit": "l",
      "discount_tag": "1+1 gratis",
      "promo_title": "Calvé sauzen",
      "validity": "wo 17 t/m vr 26 dec",
      "image_url": "https://www.jumbo.com/dam-images/fit-in/360x360/Products/12082025_1754987602556_1754987607377_8720182269966_1.png",
      "source_url": "https://www.jumbo.com/aanbiedingen/calve-sauzen/3012398"
    },
    {
      "id": "485493FLS",
      "name": "Calvé Dressing Hamburger Saus 430 ml",
      "brand": "Calvé",
      "category": "Conserven, soepen, sauzen, oliën",
      "unit_size": "430 ml",
      "offer_price": 3.59,
      "normal_price": 3.59,
      "price_per_unit": 8.35,
      "price_unit": "l",
      "discount_tag": "1+1 gratis",
      "promo_title": "Calvé sauzen",
      "validity": "wo 17 t/m vr 26 dec",
      "image_url": "https://www.jumbo.com/dam-images/fit-in/360x360/Products/12122025_1765507010686_1765507032918_485493_FLS_08720182255556_C1N1.png",
      "source_url": "https://www.jumbo.com/aanbiedingen/calve-sauzen/3012398"
    },
    {
      "id": "52722FLS",
      "name": "Calvé Saus Fles Kerrie 250 ml",
      "brand": "Calvé",
      "category": "Conserven, soepen, sauzen, oliën",
      "unit_size": null,
      "offer_price": 2.39,
      "normal_price": 2.39,
      "price_per_unit": 9.56,
      "price_unit": "l",
      "discount_tag": "1+1 gratis",
      "promo_title": "Calvé sauzen",
      "validity": "wo 17 t/m vr 26 dec",
      "image_url": "https://www.jumbo.com/dam-images/fit-in/360x360/Products/01122025_1764561203677_1764561242644_52722_FLS_08720182750228_H1N1.png",
      "source_url": "https://www.jumbo.com/aanbiedingen/calve-sauzen/3012398"
    },
    {
      "id": "87590FLS",
      "name": "Calvé Saus Samba 320 ml",
      "brand": "Calvé",
      "category": "Conserven, soepen, sauzen, oliën",
      "unit_size": "320 ml",
      "offer_price": 2.59,
      "normal_price": 2.59,
      "price_per_unit": 8.09,
      "price_unit": "l",
      "discount_tag": "1+1 gratis",
      "promo_title": "Calvé sauzen",
      "validity": "wo 17 t/m vr 26 dec",
      "image_url": "https://www.jumbo.com/dam-images/fit-in/360x360/Products/14122025_1765681567661_1765681596309_87590_FLS_08720182755698_H1N1.png",
      "source_url": "https://www.jumbo.com/aanbiedingen/calve-sauzen/3012398"
    },
    {
      "id": "670481FLS",
      "name": "Calvé Saus Cheddar 250 ml",
      "brand": "Calvé",
      "category": "Conserven, soepen, sauzen, oliën",
      "unit_size": "250 ml",
      "offer_price": 2.99,
      "normal_price": 2.99,
      "price_per_unit": 11.96,
      "price_unit": "l",
      "discount_tag": "1+1 gratis",
      "promo_title": "Calvé sauzen",
      "validity": "wo 17 t/m vr 26 dec",
      "image_url": "https://www.jumbo.com/dam-images/fit-in/360x360/Products/21102025_1761010695623_1761010700332_670481_FLS_08721201923357_H1N1.png",
      "source_url": "https://www.jumbo.com/aanbiedingen/calve-sauzen/3012398"
    },
    {
      "id": "198249FLS",
      "name": "Calvé Saus Schaschlik 250 ml",
      "brand": "Calvé",
      "category": "Conserven, soepen, sauzen, oliën",
      "unit_size": "250 ml",
      "offer_price": 2.59,
      "normal_price": 2.59,
      "price_per_unit": 10.36,
      "price_unit": "l",
      "discount_tag": "1+1 gratis",
      "promo_title": "Calvé sauzen",
      "validity": "wo 17 t/m vr 26 dec",
      "image_url": "https://www.jumbo.com/dam-images/fit-in/360x360/Products/01122025_1764561404416_1764561409409_198249_FLS_08714100860571_H1N1.png",
      "source_url": "https://www.jumbo.com/aanbiedingen/calve-sauzen/3012398"
    },
    {
      "id": "485492FLS",
      "name": "Calvé Dressing Knoflooksaus 430 ml",
      "brand": "Calvé",
      "category": "Conserven, soepen, sauzen, oliën",
      "unit_size": "430 ml",
      "offer_price": 3.69,
      "normal_price": 3.69,
      "price_per_unit": 8.58,
      "price_unit": "l",
      "discount_tag": "1+1 gratis",
      "promo_title": "Calvé sauzen",
      "validity": "wo 17 t/m vr 26 dec",
      "image_url": "https://www.jumbo.com/dam-images/fit-in/360x360/Products/30072025_1753889671757_1753889676816_8720181202650_1.png",
      "source_url": "https://www.jumbo.com/aanbiedingen/calve-sauzen/3012398"
    },
    {
      "id": "485495FLS",
      "name": "Calvé Knijpfles Chunky Burger Saus 250 ml",
      "brand": "Calvé",
      "category": "Conserven, soepen, sauzen, oliën",
      "unit_size": "250 ml",
      "offer_price": 2.95,
      "normal_price": 2.95,
      "price_per_unit": 11.8,
      "price_unit": "l",
      "discount_tag": "1+1 gratis",
      "promo_title": "Calvé sauzen",
      "validity": "wo 17 t/m vr 26 dec",
      "image_url": "https://www.jumbo.com/dam-images/fit-in/360x360/Products/17122025_1765940702722_1765940724960_485495_FLS_08720182255402_C1N1.png",
      "source_url": "https://www.jumbo.com/aanbiedingen/calve-sauzen/3012398"
    },
    {
      "id": "485510FLS",
      "name": "Calvé Knijpfles Mosterd Saus 250 ml",
      "brand": "Calvé",
      "category": "Conserven, soepen, sauzen, oliën",
      "unit_size": "250 ml",
      "offer_price": 2.69,
      "normal_price": 2.69,
      "price_per_unit": 10.76,
      "price_unit": "l",
      "discount_tag": "1+1 gratis",
      "promo_title": "Calvé sauzen",
      "validity": "wo 17 t/m vr 26 dec",
      "image_url": "https://www.jumbo.com/dam-images/fit-in/360x360/Products/09122025_1765247452885_1765247478719_485510_FLS_08720182253033_H1N1.png",
      "source_url": "https://www.jumbo.com/aanbiedingen/calve-sauzen/3012398"
    },
    {
      "id": "633304FLS",
      "name": "Calvé Saus Honey BBQ 320 ml",
      "brand": "Calvé",
      "category": "Conserven, soepen, sauzen, oliën",
      "unit_size": "320 ml",
      "offer_price": 2.59,
      "normal_price": 2.59,
      "price_per_unit": 8.09,
      "price_unit": "l",
      "discount_tag": "1+1 gratis",
      "promo_title": "Calvé sauzen",
      "validity": "wo 17 t/m vr 26 dec",
      "image_url": "https://www.jumbo.com/dam-images/fit-in/360x360/Products/12082025_1754994819876_1754994825994_8720182779540_1.png",
      "source_url": "https://www.jumbo.com/aanbiedingen/calve-sauzen/3012398"
    },
    {
      "id": "71499NET",
      "name": "Jumbo Mandarijnen 1 kg",
      "brand": "Jumbo",
      "category": "Aardappelen, groente en fruit",
      "unit_size": "1 KG",
      "offer_price": 2.39,
      "normal_price": 2.39,
      "price_per_unit": 2.39,
      "price_unit": "kg",
      "discount_tag": "2 voor 4,00",
      "promo_title": "Mandarijnen",
      "validity": "wo 17 t/m vr 26 dec",
      "image_url": "https://www.jumbo.com/dam-images/fit-in/360x360/Products/10082023_1691674955180_1691674959535_8711715881847_1.png",
      "source_url": "https://www.jumbo.com/aanbiedingen/mandarijnen/3013881"
    },
    {
      "id": "167486ZK",
      "name": "Jumbo Gieser Wildeman Peren 1,5 Kg",
      "brand": "Jumbo",
      "category": "Aardappelen, groente en fruit",
      "unit_size": null,
      "offer_price": 2.24,
      "normal_price": 2.99,
      "price_per_unit": 1.49,
      "price_unit": "kg",
      "discount_tag": "voor 2,24",
      "promo_title": "Gieser Wildeman",
      "validity": "wo 17 t/m vr 26 dec",
      "image_url": "https://www.jumbo.com/dam-images/fit-in/360x360/Products/02112023_1698928627816_1698928639204_8718452140176_1.png",
      "source_url": "https://www.jumbo.com/aanbiedingen/gieser-wildeman/3013863"
    },
    {
      "id": "551191SC",
      "name": "Jumbo Zoet & Sappig Mini Roma Trostomaten 300 g",
      "brand": "Jumbo",
      "category": "Aardappelen, groente en fruit",
      "unit_size": "300 G",
      "offer_price": 2.85,
      "normal_price": 2.85,
      "price_per_unit": 9.5,
      "price_unit": "kg",
      "discount_tag": "2 voor 4,50",
      "promo_title": "Combikorting groente en fruit",
      "validity": "wo 17 t/m vr 26 dec",
      "image_url": "https://www.jumbo.com/dam-images/fit-in/360x360/Products/09082023_1691592793675_1691592800347_8718452720835_1.png",
      "source_url": "https://www.jumbo.com/aanbiedingen/combikorting-groente-en-fruit/3013844"
    },
    {
      "id": "555375ZK",
      "name": "Tessa Appels 1 KG",
      "brand": "Tessa",
      "category": "Aardappelen, groente en fruit",
      "unit_size": "1 kg",
      "offer_price": 2.79,
      "normal_price": 2.79,
      "price_per_unit": 2.79,
      "price_unit": "kg",
      "discount_tag": "2 voor 4,50",
      "promo_title": "Combikorting groente en fruit",
      "validity": "wo 17 t/m vr 26 dec",
      "image_url": "https://www.jumbo.com/dam-images/fit-in/360x360/Products/20102025_1760963608634_1760963614740_8713893186424_1.png",
      "source_url": "https://www.jumbo.com/aanbiedingen/combikorting-groente-en-fruit/3013844"
    },
    {
      "id": "582522DS",
      "name": "Jumbo Frambozen 125 g",
      "brand": "Jumbo",
      "category": "Aardappelen, groente en fruit",
      "unit_size": "125 G",
      "offer_price": 2.49,
      "normal_price": 2.49,
      "price_per_unit": 19.92,
      "price_unit": "kg",
      "discount_tag": "2 voor 4,50",
      "promo_title": "Combikorting groente en fruit",
      "validity": "wo 17 t/m vr 26 dec",
      "image_url": "https://www.jumbo.com/dam-images/fit-in/360x360/Products/12122024_1734014621928_1734014631475_8711715881946_1.png",
      "source_url": "https://www.jumbo.com/aanbiedingen/combikorting-groente-en-fruit/3013844"
    },
    {
      "id": "534332PAK",
      "name": "Jumbo Zoete Puntpaprika 500 g",
      "brand": "Jumbo",
      "category": "Aardappelen, groente en fruit",
      "unit_size": "500 GRAM",
      "offer_price": 3.78,
      "normal_price": 3.78,
      "price_per_unit": 7.56,
      "price_unit": "kg",
      "discount_tag": "2 voor 4,50",
      "promo_title": "Combikorting groente en fruit",
      "validity": "wo 17 t/m vr 26 dec",
      "image_url": "https://www.jumbo.com/dam-images/fit-in/360x360/Products/09082023_1691591319486_1691591436976_8718452566211_1.png",
      "source_url": "https://www.jumbo.com/aanbiedingen/combikorting-groente-en-fruit/3013844"
    },
    {
      "id": "306020BAK",
      "name": "Jumbo Druiven Rood/Blauw Pitloos 500 g",
      "brand": "Jumbo",
      "category": "Aardappelen, groente en fruit",
      "unit_size": "500 G",
      "offer_price": 2.99,
      "normal_price": 2.99,
      "price_per_unit": 5.98,
      "price_unit": "kg",
      "discount_tag": "2 voor 4,50",
      "promo_title": "Combikorting groente en fruit",
      "validity": "wo 17 t/m vr 26 dec",
      "image_url": "https://www.jumbo.com/dam-images/fit-in/360x360/Products/18092023_1695031433956_1695031441611_8711715881922_1.png",
      "source_url": "https://www.jumbo.com/aanbiedingen/combikorting-groente-en-fruit/3013844"
    },
    {
      "id": "688387BAK",
      "name": "Jumbo Hollandse Garnalen Naturel 100 g",
      "brand": "Jumbo",
      "category": "Vlees, vis en vega",
      "unit_size": "100 g",
      "offer_price": 5.99,
      "normal_price": 7.49,
      "price_per_unit": 74.9,
      "price_unit": "kg",
      "discount_tag": "voor 5,99",
      "promo_title": "Jumbo Hollandse garnalen",
      "validity": "wo 17 t/m vr 26 dec",
      "image_url": "https://www.jumbo.com/dam-images/fit-in/360x360/Products/27032025_1743082411844_1743082418612_8718452529995_1.png",
      "source_url": "https://www.jumbo.com/aanbiedingen/jumbo-hollandse-garnalen/3012418"
    },
    {
      "id": "315299PAK",
      "name": "Président Mini le Brie 125 g",
      "brand": "President",
      "category": "Vleeswaren, kaas en tapas",
      "unit_size": "125 g",
      "offer_price": 2.29,
      "normal_price": 2.29,
      "price_per_unit": 18.32,
      "price_unit": "kg",
      "discount_tag": "2e halve prijs",
      "promo_title": "Alle Président boter of kaas",
      "validity": "wo 17 t/m vr 26 dec",
      "image_url": "https://www.jumbo.com/dam-images/fit-in/360x360/Products/13122024_1734085978005_1734085982373_5906207473140_1.png",
      "source_url": "https://www.jumbo.com/aanbiedingen/alle-president-boter-of-kaas/3012374"
    },
    {
      "id": "712012STK",
      "name": "Président Roomboter Ongezouten 200 g",
      "brand": "President",
      "category": "Zuivel, eieren, boter",
      "unit_size": "200 g",
      "offer_price": 3.89,
      "normal_price": 3.89,
      "price_per_unit": 19.45,
      "price_unit": "kg",
      "discount_tag": "2e halve prijs",
      "promo_title": "Alle Président boter of kaas",
      "validity": "wo 17 t/m vr 26 dec",
      "image_url": "https://www.jumbo.com/dam-images/fit-in/360x360/Products/30072025_1753900395859_1753900399228_3155253030759_1.png",
      "source_url": "https://www.jumbo.com/aanbiedingen/alle-president-boter-of-kaas/3012374"
    },
    {
      "id": "541788STK",
      "name": "Président le Brie Kaas 200 g",
      "brand": "President",
      "category": "Vleeswaren, kaas en tapas",
      "unit_size": "200 g",
      "offer_price": 2.99,
      "normal_price": 2.99,
      "price_per_unit": 14.95,
      "price_unit": "kg",
      "discount_tag": "2e halve prijs",
      "promo_title": "Alle Président boter of kaas",
      "validity": "wo 17 t/m vr 26 dec",
      "image_url": "https://www.jumbo.com/dam-images/fit-in/360x360/Products/22102025_1761143575674_1761143578420_3228020232028_1.png",
      "source_url": "https://www.jumbo.com/aanbiedingen/alle-president-boter-of-kaas/3012374"
    },
    {
      "id": "418811PAK",
      "name": "Président l'Ovale 200 g",
      "brand": "President",
      "category": "Vleeswaren, kaas en tapas",
      "unit_size": "200 g",
      "offer_price": 3.75,
      "normal_price": 3.75,
      "price_per_unit": 18.75,
      "price_unit": "kg",
      "discount_tag": "2e halve prijs",
      "promo_title": "Alle Président boter of kaas",
      "validity": "wo 17 t/m vr 26 dec",
      "image_url": "https://www.jumbo.com/dam-images/fit-in/360x360/Products/05122024_1733394796144_1733394802626_3228024200238_1.png",
      "source_url": "https://www.jumbo.com/aanbiedingen/alle-president-boter-of-kaas/3012374"
    },
    {
      "id": "198461STK",
      "name": "Président Le Brie Extra Smeuïg 200 g",
      "brand": "President",
      "category": "Vleeswaren, kaas en tapas",
      "unit_size": "200 g",
      "offer_price": 3.29,
      "normal_price": 3.29,
      "price_per_unit": 16.45,
      "price_unit": "kg",
      "discount_tag": "2e halve prijs",
      "promo_title": "Alle Président boter of kaas",
      "validity": "wo 17 t/m vr 26 dec",
      "image_url": "https://www.jumbo.com/dam-images/fit-in/360x360/Products/20022025_1740043988584_1740043993960_3228022230039_1.png",
      "source_url": "https://www.jumbo.com/aanbiedingen/alle-president-boter-of-kaas/3012374"
    },
    {
      "id": "556781DS",
      "name": "Président Petit Camembert Extra Smeuïg Mild 135 g",
      "brand": "President",
      "category": "Vleeswaren, kaas en tapas",
      "unit_size": "135 g",
      "offer_price": 2.99,
      "normal_price": 2.99,
      "price_per_unit": 22.15,
      "price_unit": "kg",
      "discount_tag": "2e halve prijs",
      "promo_title": "Alle Président boter of kaas",
      "validity": "wo 17 t/m vr 26 dec",
      "image_url": "https://www.jumbo.com/dam-images/fit-in/360x360/Products/09082023_1691592794214_1691592960962_3228024220069_1.png",
      "source_url": "https://www.jumbo.com/aanbiedingen/alle-president-boter-of-kaas/3012374"
    },
    {
      "id": "712009STK",
      "name": "Président Gezouten Roomboter met Verlaagd Vetgehalte (60%) 200 g",
      "brand": "President",
      "category": "Zuivel, eieren, boter",
      "unit_size": "200 g",
      "offer_price": 3.59,
      "normal_price": 3.59,
      "price_per_unit": 17.95,
      "price_unit": "kg",
      "discount_tag": "2e halve prijs",
      "promo_title": "Alle Président boter of kaas",
      "validity": "wo 17 t/m vr 26 dec",
      "image_url": "https://www.jumbo.com/dam-images/fit-in/360x360/Products/04082025_1754332391141_1754332394963_3155253030797_1.png",
      "source_url": "https://www.jumbo.com/aanbiedingen/alle-president-boter-of-kaas/3012374"
    },
    {
      "id": "712011STK",
      "name": "Président Roomboter Ongezouten 225 g",
      "brand": "President",
      "category": "Zuivel, eieren, boter",
      "unit_size": "225 g",
      "offer_price": 4.49,
      "normal_price": 4.49,
      "price_per_unit": 19.96,
      "price_unit": "kg",
      "discount_tag": "2e halve prijs",
      "promo_title": "Alle Président boter of kaas",
      "validity": "wo 17 t/m vr 26 dec",
      "image_url": "https://www.jumbo.com/dam-images/fit-in/360x360/Products/04082025_1754332391266_1754332395314_3155253030803_1.png",
      "source_url": "https://www.jumbo.com/aanbiedingen/alle-president-boter-of-kaas/3012374"
    },
    {
      "id": "505198BAK",
      "name": "Président Crème de Brie 125 g",
      "brand": "President",
      "category": "Vleeswaren, kaas en tapas",
      "unit_size": "125 g",
      "offer_price": 2.79,
      "normal_price": 2.79,
      "price_per_unit": 22.32,
      "price_unit": "kg",
      "discount_tag": "2e halve prijs",
      "promo_title": "Alle Président boter of kaas",
      "validity": "wo 17 t/m vr 26 dec",
      "image_url": "https://www.jumbo.com/dam-images/fit-in/360x360/Products/14042025_1744623168490_1744623179752_3228024070282_1.png",
      "source_url": "https://www.jumbo.com/aanbiedingen/alle-president-boter-of-kaas/3012374"
    },
    {
      "id": "617460STK",
      "name": "Président Burger Cheddar 8 Plakjes 150 g",
      "brand": "President",
      "category": "Vleeswaren, kaas en tapas",
      "unit_size": "150 g",
      "offer_price": 2.59,
      "normal_price": 2.59,
      "price_per_unit": 17.27,
      "price_unit": "kg",
      "discount_tag": "2e halve prijs",
      "promo_title": "Alle Président boter of kaas",
      "validity": "wo 17 t/m vr 26 dec",
      "image_url": "https://www.jumbo.com/dam-images/fit-in/360x360/Products/13112024_1731497559546_1731497572044_3228024160051_1.png",
      "source_url": "https://www.jumbo.com/aanbiedingen/alle-president-boter-of-kaas/3012374"
    },
    {
      "id": "712014STK",
      "name": "Président Roomboter Gezouten 200 g",
      "brand": "President",
      "category": "Zuivel, eieren, boter",
      "unit_size": "200 g",
      "offer_price": 3.89,
      "normal_price": 3.89,
      "price_per_unit": 19.45,
      "price_unit": "kg",
      "discount_tag": "2e halve prijs",
      "promo_title": "Alle Président boter of kaas",
      "validity": "wo 17 t/m vr 26 dec",
      "image_url": "https://www.jumbo.com/dam-images/fit-in/360x360/Products/30072025_1753900396081_1753900399540_3155253030766_1.png",
      "source_url": "https://www.jumbo.com/aanbiedingen/alle-president-boter-of-kaas/3012374"
    },
    {
      "id": "712013STK",
      "name": "Président Gezouten Roomboter 225 g",
      "brand": "President",
      "category": "Zuivel, eieren, boter",
      "unit_size": "225 g",
      "offer_price": 4.49,
      "normal_price": 4.49,
      "price_per_unit": 19.96,
      "price_unit": "kg",
      "discount_tag": "2e halve prijs",
      "promo_title": "Alle Président boter of kaas",
      "validity": "wo 17 t/m vr 26 dec",
      "image_url": "https://www.jumbo.com/dam-images/fit-in/360x360/Products/30072025_1753900395972_1753900399527_3155253030810_1.png",
      "source_url": "https://www.jumbo.com/aanbiedingen/alle-president-boter-of-kaas/3012374"
    },
    {
      "id": "712010STK",
      "name": "Président Roomboter met Verlaagd Vetgehalte (60%) Ongezouten 200 g",
      "brand": "President",
      "category": "Zuivel, eieren, boter",
      "unit_size": "200 g",
      "offer_price": 3.59,
      "normal_price": 3.59,
      "price_per_unit": 17.95,
      "price_unit": "kg",
      "discount_tag": "2e halve prijs",
      "promo_title": "Alle Président boter of kaas",
      "validity": "wo 17 t/m vr 26 dec",
      "image_url": "https://www.jumbo.com/dam-images/fit-in/360x360/Products/04082025_1754332391150_1754332394825_3155253030780_1.png",
      "source_url": "https://www.jumbo.com/aanbiedingen/alle-president-boter-of-kaas/3012374"
    },
    {
      "id": "475502TRA",
      "name": "Jumbo Salame al Finocchio 100 g",
      "brand": "Jumbo",
      "category": "Vleeswaren, kaas en tapas",
      "unit_size": "100 g",
      "offer_price": 3.59,
      "normal_price": 3.59,
      "price_per_unit": 35.9,
      "price_unit": "kg",
      "discount_tag": "2e halve prijs",
      "promo_title": "Jumbo Spaanse of Italiaanse borrelschalen",
      "validity": "wo 17 t/m vr 26 dec",
      "image_url": "https://www.jumbo.com/dam-images/fit-in/360x360/Products/10082023_1691676434842_1691676452891_8718452623471_1.png",
      "source_url": "https://www.jumbo.com/aanbiedingen/jumbo-spaanse-of-italiaanse-borrelschalen/3012548"
    },
    {
      "id": "292462TRA",
      "name": "La Salumeria Italiana Mortadella Bologna 100 g",
      "brand": "La Salumeria Italiana",
      "category": "Vleeswaren, kaas en tapas",
      "unit_size": "100 g",
      "offer_price": 2.59,
      "normal_price": 2.59,
      "price_per_unit": 25.9,
      "price_unit": "kg",
      "discount_tag": "2e halve prijs",
      "promo_title": "Jumbo Spaanse of Italiaanse borrelschalen",
      "validity": "wo 17 t/m vr 26 dec",
      "image_url": "https://www.jumbo.com/dam-images/fit-in/360x360/Products/09082023_1691586737203_1691586777102_8023918100053_1.png",
      "source_url": "https://www.jumbo.com/aanbiedingen/jumbo-spaanse-of-italiaanse-borrelschalen/3012548"
    },
    {
      "id": "475508TRA",
      "name": "Jumbo Antipasto Emiliano 120 g",
      "brand": "Jumbo",
      "category": "Vleeswaren, kaas en tapas",
      "unit_size": "120 g",
      "offer_price": 4.49,
      "normal_price": 4.49,
      "price_per_unit": 37.42,
      "price_unit": "kg",
      "discount_tag": "2e halve prijs",
      "promo_title": "Jumbo Spaanse of Italiaanse borrelschalen",
      "validity": "wo 17 t/m vr 26 dec",
      "image_url": "https://www.jumbo.com/dam-images/fit-in/360x360/Products/10082023_1691676435084_1691676455375_8718452623457_1.png",
      "source_url": "https://www.jumbo.com/aanbiedingen/jumbo-spaanse-of-italiaanse-borrelschalen/3012548"
    },
    {
      "id": "507966TRA",
      "name": "Jumbo Prosciutto Al Tartufo 80 g",
      "brand": "Jumbo",
      "category": "Vleeswaren, kaas en tapas",
      "unit_size": "80 g",
      "offer_price": 4.49,
      "normal_price": 4.49,
      "price_per_unit": 56.13,
      "price_unit": "kg",
      "discount_tag": "2e halve prijs",
      "promo_title": "Jumbo Spaanse of Italiaanse borrelschalen",
      "validity": "wo 17 t/m vr 26 dec",
      "image_url": "https://www.jumbo.com/dam-images/fit-in/360x360/Products/09082023_1691590486192_1691590628061_8718452658343_1.png",
      "source_url": "https://www.jumbo.com/aanbiedingen/jumbo-spaanse-of-italiaanse-borrelschalen/3012548"
    },
    {
      "id": "475503TRA",
      "name": "Jumbo Prosciutto di Parma 100 g",
      "brand": "Jumbo",
      "category": "Vleeswaren, kaas en tapas",
      "unit_size": "100 g",
      "offer_price": 4.49,
      "normal_price": 4.49,
      "price_per_unit": 44.9,
      "price_unit": "kg",
      "discount_tag": "2e halve prijs",
      "promo_title": "Jumbo Spaanse of Italiaanse borrelschalen",
      "validity": "wo 17 t/m vr 26 dec",
      "image_url": "https://www.jumbo.com/dam-images/fit-in/360x360/Products/10082023_1691676434894_1691676455847_8718452623464_1.png",
      "source_url": "https://www.jumbo.com/aanbiedingen/jumbo-spaanse-of-italiaanse-borrelschalen/3012548"
    },
    {
      "id": "475504TRA",
      "name": "Jumbo Prosciutto Crudo 100 g",
      "brand": "Jumbo",
      "category": "Vleeswaren, kaas en tapas",
      "unit_size": "100 g",
      "offer_price": 3.29,
      "normal_price": 3.29,
      "price_per_unit": 32.9,
      "price_unit": "kg",
      "discount_tag": "2e halve prijs",
      "promo_title": "Jumbo Spaanse of Italiaanse borrelschalen",
      "validity": "wo 17 t/m vr 26 dec",
      "image_url": "https://www.jumbo.com/dam-images/fit-in/360x360/Products/10082023_1691676434946_1691676443100_8718452623440_1.png",
      "source_url": "https://www.jumbo.com/aanbiedingen/jumbo-spaanse-of-italiaanse-borrelschalen/3012548"
    },
    {
      "id": "448349BAK",
      "name": "Jumbo Serrano Gran Reserva 100 g",
      "brand": "Jumbo",
      "category": "Vleeswaren, kaas en tapas",
      "unit_size": "100 g",
      "offer_price": 3.99,
      "normal_price": 3.99,
      "price_per_unit": 39.9,
      "price_unit": "kg",
      "discount_tag": "2e halve prijs",
      "promo_title": "Jumbo Spaanse of Italiaanse borrelschalen",
      "validity": "wo 17 t/m vr 26 dec",
      "image_url": "https://www.jumbo.com/dam-images/fit-in/360x360/Products/448349_8718452609239_1_T1_448349BAK1691171740975.png",
      "source_url": "https://www.jumbo.com/aanbiedingen/jumbo-spaanse-of-italiaanse-borrelschalen/3012548"
    },
    {
      "id": "292464TRA",
      "name": "La Salumeria Italiana Prosciutto Cotto 100 g",
      "brand": "La Salumeria Italiana",
      "category": "Vleeswaren, kaas en tapas",
      "unit_size": "100 g",
      "offer_price": 3.69,
      "normal_price": 3.69,
      "price_per_unit": 36.9,
      "price_unit": "kg",
      "discount_tag": "2e halve prijs",
      "promo_title": "Jumbo Spaanse of Italiaanse borrelschalen",
      "validity": "wo 17 t/m vr 26 dec",
      "image_url": "https://www.jumbo.com/dam-images/fit-in/360x360/Products/09082023_1691586737270_1691586747195_8023918100022_1.png",
      "source_url": "https://www.jumbo.com/aanbiedingen/jumbo-spaanse-of-italiaanse-borrelschalen/3012548"
    },
    {
      "id": "615699BAK",
      "name": "Jumbo Selección de Jamón 100 g",
      "brand": "Jumbo",
      "category": "Vleeswaren, kaas en tapas",
      "unit_size": "100 g",
      "offer_price": 5.99,
      "normal_price": 5.99,
      "price_per_unit": 59.9,
      "price_unit": "kg",
      "discount_tag": "2e halve prijs",
      "promo_title": "Jumbo Spaanse of Italiaanse borrelschalen",
      "validity": "wo 17 t/m vr 26 dec",
      "image_url": "https://www.jumbo.com/dam-images/fit-in/360x360/Products/26062024_1719412468378_1719412475582_8718452830923_1.png",
      "source_url": "https://www.jumbo.com/aanbiedingen/jumbo-spaanse-of-italiaanse-borrelschalen/3012548"
    },
    {
      "id": "475509TRA",
      "name": "Jumbo Spianata Romana con Pepe 100 g",
      "brand": "Jumbo",
      "category": "Vleeswaren, kaas en tapas",
      "unit_size": "100 g",
      "offer_price": 3.49,
      "normal_price": 3.49,
      "price_per_unit": 34.9,
      "price_unit": "kg",
      "discount_tag": "2e halve prijs",
      "promo_title": "Jumbo Spaanse of Italiaanse borrelschalen",
      "validity": "wo 17 t/m vr 26 dec",
      "image_url": "https://www.jumbo.com/dam-images/fit-in/360x360/Products/10082023_1691676435157_1691676455859_8718452623495_1.png",
      "source_url": "https://www.jumbo.com/aanbiedingen/jumbo-spaanse-of-italiaanse-borrelschalen/3012548"
    },
    {
      "id": "448348BAK",
      "name": "Jumbo Tapas España 120 g",
      "brand": "Jumbo",
      "category": "Vleeswaren, kaas en tapas",
      "unit_size": "120 g",
      "offer_price": 4.19,
      "normal_price": 4.19,
      "price_per_unit": 34.92,
      "price_unit": "kg",
      "discount_tag": "2e halve prijs",
      "promo_title": "Jumbo Spaanse of Italiaanse borrelschalen",
      "validity": "wo 17 t/m vr 26 dec",
      "image_url": "https://www.jumbo.com/dam-images/fit-in/360x360/Products/09082023_1691589290901_1691589305030_8718452609246_1.png",
      "source_url": "https://www.jumbo.com/aanbiedingen/jumbo-spaanse-of-italiaanse-borrelschalen/3012548"
    },
    {
      "id": "475506TRA",
      "name": "Jumbo Salame Felino 100 g",
      "brand": "Jumbo",
      "category": "Vleeswaren, kaas en tapas",
      "unit_size": "100 g",
      "offer_price": 4.49,
      "normal_price": 4.49,
      "price_per_unit": 44.9,
      "price_unit": "kg",
      "discount_tag": "2e halve prijs",
      "promo_title": "Jumbo Spaanse of Italiaanse borrelschalen",
      "validity": "wo 17 t/m vr 26 dec",
      "image_url": "https://www.jumbo.com/dam-images/fit-in/360x360/Products/10082023_1691676434992_1691676456016_8718452623488_1.png",
      "source_url": "https://www.jumbo.com/aanbiedingen/jumbo-spaanse-of-italiaanse-borrelschalen/3012548"
    },
    {
      "id": "381014TRA",
      "name": "Jumbo Brunch Schotel Spaans 150 g",
      "brand": "Jumbo",
      "category": "Vleeswaren, kaas en tapas",
      "unit_size": "150 g",
      "offer_price": 4.59,
      "normal_price": 4.59,
      "price_per_unit": 30.6,
      "price_unit": "kg",
      "discount_tag": "2e halve prijs",
      "promo_title": "Jumbo Spaanse of Italiaanse borrelschalen",
      "validity": "wo 17 t/m vr 26 dec",
      "image_url": "https://www.jumbo.com/dam-images/fit-in/360x360/Products/16092025_1758047573708_1758047580690_8718452492947_1.png",
      "source_url": "https://www.jumbo.com/aanbiedingen/jumbo-spaanse-of-italiaanse-borrelschalen/3012548"
    },
    {
      "id": "381013TRA",
      "name": "Jumbo Brunch Schotel Italiaans 150 g",
      "brand": "Jumbo",
      "category": "Vleeswaren, kaas en tapas",
      "unit_size": "150 g",
      "offer_price": 4.59,
      "normal_price": 4.59,
      "price_per_unit": 30.6,
      "price_unit": "kg",
      "discount_tag": "2e halve prijs",
      "promo_title": "Jumbo Spaanse of Italiaanse borrelschalen",
      "validity": "wo 17 t/m vr 26 dec",
      "image_url": "https://www.jumbo.com/dam-images/fit-in/360x360/Products/16092025_1758047573792_1758047580073_8718452492930_1.png",
      "source_url": "https://www.jumbo.com/aanbiedingen/jumbo-spaanse-of-italiaanse-borrelschalen/3012548"
    },
    {
      "id": "708724STK",
      "name": "Jumbo's Millionaires Caramel Taart 800g",
      "brand": "Jumbo's",
      "category": "Brood en gebak",
      "unit_size": null,
      "offer_price": 7.49,
      "normal_price": 9.99,
      "price_per_unit": 7.49,
      "price_unit": "pieces",
      "discount_tag": "25% korting",
      "promo_title": "Jumbo's Taarten",
      "validity": "wo 17 t/m wo 31 dec",
      "image_url": "https://www.jumbo.com/dam-images/fit-in/360x360/Products/milionairestaartT9c27bc576-6872-4d7c-a3bd-1f3c0ade7c82-1761560496507.png",
      "source_url": "https://www.jumbo.com/aanbiedingen/jumbos-taarten/3012486"
    },
    {
      "id": "708723STK",
      "name": "Jumbo's Carrot Cake 720g",
      "brand": "Jumbo's",
      "category": "Brood en gebak",
      "unit_size": null,
      "offer_price": 7.49,
      "normal_price": 9.99,
      "price_per_unit": 7.49,
      "price_unit": "pieces",
      "discount_tag": "25% korting",
      "promo_title": "Jumbo's Taarten",
      "validity": "wo 17 t/m wo 31 dec",
      "image_url": "https://www.jumbo.com/dam-images/fit-in/360x360/Products/CarrotcakeNAJAAR202529e60cbb15-d658-41d6-9b0c-123842f7cfaa-1763538703589.png",
      "source_url": "https://www.jumbo.com/aanbiedingen/jumbos-taarten/3012486"
    },
    {
      "id": "709934STK",
      "name": "Jumbo's Cheese Cake 660g",
      "brand": "Jumbo's",
      "category": "Brood en gebak",
      "unit_size": null,
      "offer_price": 6.74,
      "normal_price": 8.99,
      "price_per_unit": 6.74,
      "price_unit": "pieces",
      "discount_tag": "25% korting",
      "promo_title": "Jumbo's Taarten",
      "validity": "wo 17 t/m wo 31 dec",
      "image_url": "https://www.jumbo.com/dam-images/fit-in/360x360/Products/8718452966561T9fa9004f8-af58-4729-904f-0170b9586072-1761560496559.png",
      "source_url": "https://www.jumbo.com/aanbiedingen/jumbos-taarten/3012486"
    },
    {
      "id": "308441BAK",
      "name": "Jumbo Gourmet Mini Kipschnitzel Gepaneerd 120 g",
      "brand": "Jumbo",
      "category": "Vlees, vis en vega",
      "unit_size": "120 g",
      "offer_price": 2.5,
      "normal_price": 2.5,
      "price_per_unit": 20.83,
      "price_unit": "kg",
      "discount_tag": "4 voor 8,00",
      "promo_title": "Kies & Mix gourmet mini's",
      "validity": null,
      "image_url": "https://www.jumbo.com/dam-images/fit-in/360x360/Products/01122025_1764595992577_1764595998265_8718452883851_1.png",
      "source_url": "https://www.jumbo.com/aanbiedingen/kies-mix-gourmet-minis/3012537"
    },
    {
      "id": "729565TRA",
      "name": "Jumbo Mini Varkens Chipolata 120 g",
      "brand": "Jumbo",
      "category": "Vlees, vis en vega",
      "unit_size": "120 g",
      "offer_price": 2.29,
      "normal_price": 2.29,
      "price_per_unit": 19.08,
      "price_unit": "kg",
      "discount_tag": "4 voor 8,00",
      "promo_title": "Kies & Mix gourmet mini's",
      "validity": null,
      "image_url": "https://www.jumbo.com/dam-images/fit-in/360x360/Products/11112025_1762857188059_1762857192839_8718452755325_1.png",
      "source_url": "https://www.jumbo.com/aanbiedingen/kies-mix-gourmet-minis/3012537"
    },
    {
      "id": "684371BAK",
      "name": "Jumbo Gourmet Torpedo Garnalen Knoflook 100 g",
      "brand": "Jumbo",
      "category": "Vlees, vis en vega",
      "unit_size": "100 g",
      "offer_price": 3.0,
      "normal_price": 3.0,
      "price_per_unit": 30.0,
      "price_unit": "kg",
      "discount_tag": "4 voor 8,00",
      "promo_title": "Kies & Mix gourmet mini's",
      "validity": null,
      "image_url": "https://www.jumbo.com/dam-images/fit-in/360x360/Products/08718452910168T1118506322ce3f2bce-e0b2-4788-b3ee-98ae1243cd56-1765292720800.png",
      "source_url": "https://www.jumbo.com/aanbiedingen/kies-mix-gourmet-minis/3012537"
    },
    {
      "id": "707044BAK",
      "name": "Jumbo Gourmet Elkaar Vega Mini Mozzarella Burger 120 g",
      "brand": "Jumbo",
      "category": "Vlees, vis en vega",
      "unit_size": "120 g",
      "offer_price": 2.25,
      "normal_price": 2.25,
      "price_per_unit": 18.75,
      "price_unit": "kg",
      "discount_tag": "4 voor 8,00",
      "promo_title": "Kies & Mix gourmet mini's",
      "validity": null,
      "image_url": "https://www.jumbo.com/dam-images/fit-in/360x360/Products/08718452934515T11181497860786d61c-cfda-4402-8734-c001abd76a03-1763978256251.png",
      "source_url": "https://www.jumbo.com/aanbiedingen/kies-mix-gourmet-minis/3012537"
    },
    {
      "id": "457142TRA",
      "name": "Jumbo Mini Shoarma 175 g",
      "brand": "Jumbo",
      "category": "Vlees, vis en vega",
      "unit_size": "175 g",
      "offer_price": 2.29,
      "normal_price": 2.29,
      "price_per_unit": 13.09,
      "price_unit": "kg",
      "discount_tag": "4 voor 8,00",
      "promo_title": "Kies & Mix gourmet mini's",
      "validity": null,
      "image_url": "https://www.jumbo.com/dam-images/fit-in/360x360/Products/09122025_1765294447244_1765294455375_8718452607648_1.png",
      "source_url": "https://www.jumbo.com/aanbiedingen/kies-mix-gourmet-minis/3012537"
    },
    {
      "id": "699760TRA",
      "name": "Jumbo Mini Zalm Blokjes 120 g",
      "brand": "Jumbo",
      "category": "Vlees, vis en vega",
      "unit_size": "120 g",
      "offer_price": 3.0,
      "normal_price": 3.0,
      "price_per_unit": 25.0,
      "price_unit": "kg",
      "discount_tag": "4 voor 8,00",
      "promo_title": "Kies & Mix gourmet mini's",
      "validity": null,
      "image_url": "https://www.jumbo.com/dam-images/fit-in/360x360/Products/14102025_1760452635368_1760452642932_8718452931965_1.png",
      "source_url": "https://www.jumbo.com/aanbiedingen/kies-mix-gourmet-minis/3012537"
    },
    {
      "id": "697225TRA",
      "name": "Jumbo Gourmet Mini Kiplapjes 120 g",
      "brand": "Jumbo",
      "category": "Vlees, vis en vega",
      "unit_size": "120 g",
      "offer_price": 3.0,
      "normal_price": 3.0,
      "price_per_unit": 25.0,
      "price_unit": "kg",
      "discount_tag": "4 voor 8,00",
      "promo_title": "Kies & Mix gourmet mini's",
      "validity": null,
      "image_url": "https://www.jumbo.com/dam-images/fit-in/360x360/Products/05122025_1764930786967_1764930791632_8718452931682_1.png",
      "source_url": "https://www.jumbo.com/aanbiedingen/kies-mix-gourmet-minis/3012537"
    },
    {
      "id": "457668TRA",
      "name": "Jumbo Mini Beef Chipolata 120 g",
      "brand": "Jumbo",
      "category": "Vlees, vis en vega",
      "unit_size": "120 g",
      "offer_price": 2.79,
      "normal_price": 2.79,
      "price_per_unit": 23.25,
      "price_unit": "kg",
      "discount_tag": "4 voor 8,00",
      "promo_title": "Kies & Mix gourmet mini's",
      "validity": null,
      "image_url": "https://www.jumbo.com/dam-images/fit-in/360x360/Products/04072025_1751618005390_1751618010265_8718452755288_1.png",
      "source_url": "https://www.jumbo.com/aanbiedingen/kies-mix-gourmet-minis/3012537"
    },
    {
      "id": "726374TRA",
      "name": "Jumbo Mini Beef Chipolata 120 g",
      "brand": "Jumbo",
      "category": "Vlees, vis en vega",
      "unit_size": "120 g",
      "offer_price": 2.79,
      "normal_price": 2.79,
      "price_per_unit": 23.25,
      "price_unit": "kg",
      "discount_tag": "4 voor 8,00",
      "promo_title": "Kies & Mix gourmet mini's",
      "validity": null,
      "image_url": "https://www.jumbo.com/dam-images/fit-in/360x360/Products/11112025_1762857187920_1762857192332_8718452755288_1.png",
      "source_url": "https://www.jumbo.com/aanbiedingen/kies-mix-gourmet-minis/3012537"
    },
    {
      "id": "634981TRA",
      "name": "Jumbo Mini Hamburger 180g",
      "brand": "Jumbo",
      "category": "Vlees, vis en vega",
      "unit_size": null,
      "offer_price": 2.29,
      "normal_price": 2.29,
      "price_per_unit": 12.72,
      "price_unit": "kg",
      "discount_tag": "4 voor 8,00",
      "promo_title": "Kies & Mix gourmet mini's",
      "validity": null,
      "image_url": "https://www.jumbo.com/dam-images/fit-in/360x360/Products/8718452852512T13ebb17d8-b1a8-4bb1-a543-fa366e4c4442-1733132854056.png",
      "source_url": "https://www.jumbo.com/aanbiedingen/kies-mix-gourmet-minis/3012537"
    },
    {
      "id": "201426TRA",
      "name": "Jumbo Mini Slavinken 150 g",
      "brand": "Jumbo",
      "category": "Vlees, vis en vega",
      "unit_size": "150 g",
      "offer_price": 2.5,
      "normal_price": 2.5,
      "price_per_unit": 16.67,
      "price_unit": "kg",
      "discount_tag": "4 voor 8,00",
      "promo_title": "Kies & Mix gourmet mini's",
      "validity": null,
      "image_url": "https://www.jumbo.com/dam-images/fit-in/360x360/Products/12122024_1734014980221_1734014983698_8718452755349_1.png",
      "source_url": "https://www.jumbo.com/aanbiedingen/kies-mix-gourmet-minis/3012537"
    },
    {
      "id": "707042BAK",
      "name": "Jumbo Gourmet Vega Mini Kerstster 150 g",
      "brand": "Jumbo",
      "category": "Vlees, vis en vega",
      "unit_size": "150 g",
      "offer_price": 2.25,
      "normal_price": 2.25,
      "price_per_unit": 15.0,
      "price_unit": "kg",
      "discount_tag": "4 voor 8,00",
      "promo_title": "Kies & Mix gourmet mini's",
      "validity": null,
      "image_url": "https://www.jumbo.com/dam-images/fit-in/360x360/Products/08718452934508T11181498582b3621a3-c513-4eee-a637-0933374ceb67-1763978256205.png",
      "source_url": "https://www.jumbo.com/aanbiedingen/kies-mix-gourmet-minis/3012537"
    },
    {
      "id": "687361TRA",
      "name": "Jumbo Plantaardig Gourmetschotel 180 g ",
      "brand": "Jumbo",
      "category": "Vlees, vis en vega",
      "unit_size": "180 g",
      "offer_price": 2.5,
      "normal_price": 2.5,
      "price_per_unit": 13.89,
      "price_unit": "kg",
      "discount_tag": "4 voor 8,00",
      "promo_title": "Kies & Mix gourmet mini's",
      "validity": null,
      "image_url": "https://www.jumbo.com/dam-images/fit-in/360x360/Products/26112025_1764149579377_1764149586136_8718452980710_1.png",
      "source_url": "https://www.jumbo.com/aanbiedingen/kies-mix-gourmet-minis/3012537"
    },
    {
      "id": "635016TRA",
      "name": "Jumbo Mini Speklapjes Gekruid 120g",
      "brand": "Jumbo",
      "category": "Vlees, vis en vega",
      "unit_size": null,
      "offer_price": 2.79,
      "normal_price": 2.79,
      "price_per_unit": 23.25,
      "price_unit": "kg",
      "discount_tag": "4 voor 8,00",
      "promo_title": "Kies & Mix gourmet mini's",
      "validity": null,
      "image_url": "https://www.jumbo.com/dam-images/fit-in/360x360/Products/8718452852550T10aa8ead8-866b-44a2-9f61-a1eeabb85704-1733133054966.png",
      "source_url": "https://www.jumbo.com/aanbiedingen/kies-mix-gourmet-minis/3012537"
    },
    {
      "id": "714784TRA",
      "name": "Jumbo Gourmet Aardappeltjes met Spekjes en Ui 350 g",
      "brand": "Jumbo",
      "category": "Aardappelen, groente en fruit",
      "unit_size": "350 g",
      "offer_price": 2.49,
      "normal_price": 2.49,
      "price_per_unit": 7.11,
      "price_unit": "kg",
      "discount_tag": "4 voor 8,00",
      "promo_title": "Kies & Mix gourmet mini's",
      "validity": null,
      "image_url": "https://www.jumbo.com/dam-images/fit-in/360x360/Products/04092025_1756996410754_1756996416314_8718452928194_1.png",
      "source_url": "https://www.jumbo.com/aanbiedingen/kies-mix-gourmet-minis/3012537"
    },
    {
      "id": "706962TRA",
      "name": "Jumbo Mini Kip Kaassoufflé 190g",
      "brand": "Jumbo",
      "category": "Vlees, vis en vega",
      "unit_size": null,
      "offer_price": 2.5,
      "normal_price": 2.5,
      "price_per_unit": 13.16,
      "price_unit": "kg",
      "discount_tag": "4 voor 8,00",
      "promo_title": "Kies & Mix gourmet mini's",
      "validity": null,
      "image_url": "",
      "source_url": "https://www.jumbo.com/aanbiedingen/kies-mix-gourmet-minis/3012537"
    },
    {
      "id": "680087TRA",
      "name": "Jumbo Gourmet Mini Zigeunerschnitzel 150 g",
      "brand": "Jumbo",
      "category": "Vlees, vis en vega",
      "unit_size": "150 g",
      "offer_price": 2.29,
      "normal_price": 2.29,
      "price_per_unit": 15.27,
      "price_unit": "kg",
      "discount_tag": "4 voor 8,00",
      "promo_title": "Kies & Mix gourmet mini's",
      "validity": null,
      "image_url": "https://www.jumbo.com/dam-images/fit-in/360x360/Products/23052025_1748025148805_1748025153738_8718452899180_1.png",
      "source_url": "https://www.jumbo.com/aanbiedingen/kies-mix-gourmet-minis/3012537"
    },
    {
      "id": "719228TRA",
      "name": "Jumbo Mini Panga Blokjes 120 g",
      "brand": "Jumbo",
      "category": "Vlees, vis en vega",
      "unit_size": "120 g",
      "offer_price": 2.5,
      "normal_price": 2.5,
      "price_per_unit": 20.83,
      "price_unit": "kg",
      "discount_tag": "4 voor 8,00",
      "promo_title": "Kies & Mix gourmet mini's",
      "validity": null,
      "image_url": "https://www.jumbo.com/dam-images/fit-in/360x360/Products/14102025_1760452635927_1760452641993_8718452931972_1.png",
      "source_url": "https://www.jumbo.com/aanbiedingen/kies-mix-gourmet-minis/3012537"
    },
    {
      "id": "213686TRA",
      "name": "Jumbo Mini Varkensmedaillon 150 g",
      "brand": "Jumbo",
      "category": "Vlees, vis en vega",
      "unit_size": "150 g",
      "offer_price": 2.29,
      "normal_price": 2.29,
      "price_per_unit": 19.08,
      "price_unit": "kg",
      "discount_tag": "4 voor 8,00",
      "promo_title": "Kies & Mix gourmet mini's",
      "validity": null,
      "image_url": "https://www.jumbo.com/dam-images/fit-in/360x360/Products/21032025_1742553165815_1742553173432_8718452338597_1.png",
      "source_url": "https://www.jumbo.com/aanbiedingen/kies-mix-gourmet-minis/3012537"
    },
    {
      "id": "308443BAK",
      "name": "Groenland Kip Mini Kipshoarma ca. 219g",
      "brand": "Jumbo",
      "category": "Vlees, vis en vega",
      "unit_size": null,
      "offer_price": 2.29,
      "normal_price": 2.29,
      "price_per_unit": 15.27,
      "price_unit": "kg",
      "discount_tag": "4 voor 8,00",
      "promo_title": "Kies & Mix gourmet mini's",
      "validity": null,
      "image_url": "https://www.jumbo.com/dam-images/fit-in/360x360/Products/01102025_1759347188073_1759347194039_8718452402014_1.png",
      "source_url": "https://www.jumbo.com/aanbiedingen/kies-mix-gourmet-minis/3012537"
    },
    {
      "id": "680830TRA",
      "name": "Jumbo Gourmet Mini Grillburger 150 g",
      "brand": "Jumbo",
      "category": "Vlees, vis en vega",
      "unit_size": "150 g",
      "offer_price": 2.5,
      "normal_price": 2.5,
      "price_per_unit": 16.67,
      "price_unit": "kg",
      "discount_tag": "4 voor 8,00",
      "promo_title": "Kies & Mix gourmet mini's",
      "validity": null,
      "image_url": "https://www.jumbo.com/dam-images/fit-in/360x360/Products/23052025_1748025148960_1748025154674_8718452899166_1.png",
      "source_url": "https://www.jumbo.com/aanbiedingen/kies-mix-gourmet-minis/3012537"
    },
    {
      "id": "707041BAK",
      "name": "Jumbo Mini Vega Kaasburger 120 g",
      "brand": "Jumbo",
      "category": "Vlees, vis en vega",
      "unit_size": null,
      "offer_price": 2.5,
      "normal_price": 2.5,
      "price_per_unit": 20.83,
      "price_unit": "kg",
      "discount_tag": "4 voor 8,00",
      "promo_title": "Kies & Mix gourmet mini's",
      "validity": null,
      "image_url": "",
      "source_url": "https://www.jumbo.com/aanbiedingen/kies-mix-gourmet-minis/3012537"
    },
    {
      "id": "508356TRA",
      "name": "Jumbo Mini Gemarineerde Slavink 160 g",
      "brand": "Jumbo",
      "category": "Vlees, vis en vega",
      "unit_size": "160 g",
      "offer_price": 2.5,
      "normal_price": 2.5,
      "price_per_unit": 15.63,
      "price_unit": "kg",
      "discount_tag": "4 voor 8,00",
      "promo_title": "Kies & Mix gourmet mini's",
      "validity": null,
      "image_url": "https://www.jumbo.com/dam-images/fit-in/360x360/Products/27012025_1738006366739_1738006371478_8718452755271_1.png",
      "source_url": "https://www.jumbo.com/aanbiedingen/kies-mix-gourmet-minis/3012537"
    },
    {
      "id": "213636TRA",
      "name": "Jumbo Gourmet Elkaar Mini Gehakt Cordonbleu 210 g",
      "brand": "Jumbo",
      "category": "Vlees, vis en vega",
      "unit_size": "210 g",
      "offer_price": 2.29,
      "normal_price": 2.29,
      "price_per_unit": 10.9,
      "price_unit": "kg",
      "discount_tag": "4 voor 8,00",
      "promo_title": "Kies & Mix gourmet mini's",
      "validity": null,
      "image_url": "https://www.jumbo.com/dam-images/fit-in/360x360/Products/02052024_1714678447121_1714678452122_8718452755332_1.png",
      "source_url": "https://www.jumbo.com/aanbiedingen/kies-mix-gourmet-minis/3012537"
    },
    {
      "id": "707045BAK",
      "name": "Jumbo Mini Zoete Pompoen Burger 125g",
      "brand": "Jumbo",
      "category": "Vlees, vis en vega",
      "unit_size": null,
      "offer_price": 2.25,
      "normal_price": 2.25,
      "price_per_unit": 18.0,
      "price_unit": "kg",
      "discount_tag": "4 voor 8,00",
      "promo_title": "Kies & Mix gourmet mini's",
      "validity": null,
      "image_url": "",
      "source_url": "https://www.jumbo.com/aanbiedingen/kies-mix-gourmet-minis/3012537"
    },
    {
      "id": "700588TRA",
      "name": "Jumbo Gourmet Burger New York 150 g",
      "brand": "Jumbo",
      "category": "Vlees, vis en vega",
      "unit_size": "150 g",
      "offer_price": 3.0,
      "normal_price": 3.0,
      "price_per_unit": 20.0,
      "price_unit": "kg",
      "discount_tag": "4 voor 8,00",
      "promo_title": "Kies & Mix gourmet mini's",
      "validity": null,
      "image_url": "https://www.jumbo.com/dam-images/fit-in/360x360/Products/27112025_1764235989629_1764235995530_8718452937134_1.png",
      "source_url": "https://www.jumbo.com/aanbiedingen/kies-mix-gourmet-minis/3012537"
    },
    {
      "id": "308440BAK",
      "name": "Jumbo Gourmet Mini Kipsaté 120 g",
      "brand": "Jumbo",
      "category": "Vlees, vis en vega",
      "unit_size": "135 g",
      "offer_price": 3.0,
      "normal_price": 3.0,
      "price_per_unit": 25.0,
      "price_unit": "kg",
      "discount_tag": "4 voor 8,00",
      "promo_title": "Kies & Mix gourmet mini's",
      "validity": null,
      "image_url": "https://www.jumbo.com/dam-images/fit-in/360x360/Products/25112025_1764084772281_1764084778409_8718452853069_1.png",
      "source_url": "https://www.jumbo.com/aanbiedingen/kies-mix-gourmet-minis/3012537"
    },
    {
      "id": "628765TRA",
      "name": "Jumbo Mini Angusburgers 150 g",
      "brand": "Jumbo",
      "category": "Vlees, vis en vega",
      "unit_size": "150 g",
      "offer_price": 2.79,
      "normal_price": 2.79,
      "price_per_unit": 18.6,
      "price_unit": "kg",
      "discount_tag": "4 voor 8,00",
      "promo_title": "Kies & Mix gourmet mini's",
      "validity": null,
      "image_url": "https://www.jumbo.com/dam-images/fit-in/360x360/Products/14022025_1739539533027_1739539538444_8718452755387_1.png",
      "source_url": "https://www.jumbo.com/aanbiedingen/kies-mix-gourmet-minis/3012537"
    },
    {
      "id": "680088TRA",
      "name": "Jumbo Gourmet Mini Biefstuk Gemarineerd 120 g",
      "brand": "Jumbo",
      "category": "Vlees, vis en vega",
      "unit_size": "120 g",
      "offer_price": 3.29,
      "normal_price": 3.29,
      "price_per_unit": 27.42,
      "price_unit": "kg",
      "discount_tag": "4 voor 8,00",
      "promo_title": "Kies & Mix gourmet mini's",
      "validity": null,
      "image_url": "https://www.jumbo.com/dam-images/fit-in/360x360/Products/23052025_1748025148856_1748025153834_8718452899173_1.png",
      "source_url": "https://www.jumbo.com/aanbiedingen/kies-mix-gourmet-minis/3012537"
    },
    {
      "id": "680086TRA",
      "name": "Jumbo Gourmet Mini Wienerschnitzel 150 g",
      "brand": "Jumbo",
      "category": "Vlees, vis en vega",
      "unit_size": "150 g",
      "offer_price": 2.29,
      "normal_price": 2.29,
      "price_per_unit": 15.27,
      "price_unit": "kg",
      "discount_tag": "4 voor 8,00",
      "promo_title": "Kies & Mix gourmet mini's",
      "validity": null,
      "image_url": "https://www.jumbo.com/dam-images/fit-in/360x360/Products/23052025_1748025148768_1748025153876_8718452899210_1.png",
      "source_url": "https://www.jumbo.com/aanbiedingen/kies-mix-gourmet-minis/3012537"
    },
    {
      "id": "635013TRA",
      "name": "Jumbo Gourmet Mini Varkenshaas 120 g",
      "brand": "Jumbo",
      "category": "Vlees, vis en vega",
      "unit_size": "120 g",
      "offer_price": 2.79,
      "normal_price": 2.79,
      "price_per_unit": 23.25,
      "price_unit": "kg",
      "discount_tag": "4 voor 8,00",
      "promo_title": "Kies & Mix gourmet mini's",
      "validity": null,
      "image_url": "https://www.jumbo.com/dam-images/fit-in/360x360/Products/23052025_1748025148649_1748025153126_8718452852543_1.png",
      "source_url": "https://www.jumbo.com/aanbiedingen/kies-mix-gourmet-minis/3012537"
    },
    {
      "id": "213637TRA",
      "name": "Jumbo Mini Varkens Chipolata 120 g",
      "brand": "Jumbo",
      "category": "Vlees, vis en vega",
      "unit_size": "120 g",
      "offer_price": 2.29,
      "normal_price": 2.29,
      "price_per_unit": 19.08,
      "price_unit": "kg",
      "discount_tag": "4 voor 8,00",
      "promo_title": "Kies & Mix gourmet mini's",
      "validity": null,
      "image_url": "https://www.jumbo.com/dam-images/fit-in/360x360/Products/12122024_1734014980370_1734014985747_8718452755325_1.png",
      "source_url": "https://www.jumbo.com/aanbiedingen/kies-mix-gourmet-minis/3012537"
    },
    {
      "id": "646447TRA",
      "name": "Jumbo Biefstuk 100 g",
      "brand": "Jumbo",
      "category": "Vlees, vis en vega",
      "unit_size": "100 g",
      "offer_price": 3.29,
      "normal_price": 3.29,
      "price_per_unit": 32.9,
      "price_unit": "kg",
      "discount_tag": "4 voor 8,00",
      "promo_title": "Kies & Mix gourmet mini's",
      "validity": null,
      "image_url": "https://www.jumbo.com/dam-images/fit-in/360x360/Products/2348887000000T122b837ff-64d6-4526-83a9-784adfbd5f7c-1744627386087.png",
      "source_url": "https://www.jumbo.com/aanbiedingen/kies-mix-gourmet-minis/3012537"
    },
    {
      "id": "508268TRA",
      "name": "Jumbo Mini Kipburger Gepaneerd 165 g",
      "brand": "Jumbo",
      "category": "Vlees, vis en vega",
      "unit_size": "165 g",
      "offer_price": 2.5,
      "normal_price": 2.5,
      "price_per_unit": 15.15,
      "price_unit": "kg",
      "discount_tag": "4 voor 8,00",
      "promo_title": "Kies & Mix gourmet mini's",
      "validity": null,
      "image_url": "https://www.jumbo.com/dam-images/fit-in/360x360/Products/23052025_1748025148554_1748025154692_8718452673377_1.png",
      "source_url": "https://www.jumbo.com/aanbiedingen/kies-mix-gourmet-minis/3012537"
    },
    {
      "id": "697224TRA",
      "name": "Jumbo Gourmet Mini Kipburger Gemarineerd 120 g",
      "brand": "Jumbo",
      "category": "Vlees, vis en vega",
      "unit_size": "120 g",
      "offer_price": 2.79,
      "normal_price": 2.79,
      "price_per_unit": 23.25,
      "price_unit": "kg",
      "discount_tag": "4 voor 8,00",
      "promo_title": "Kies & Mix gourmet mini's",
      "validity": null,
      "image_url": "https://www.jumbo.com/dam-images/fit-in/360x360/Products/08718452931675T1118256425711aa2b3-1786-4389-926a-8c536c299c32-1764597863212.png",
      "source_url": "https://www.jumbo.com/aanbiedingen/kies-mix-gourmet-minis/3012537"
    },
    {
      "id": "707046BAK",
      "name": "Jumbo Mini Vega Hamburgers 160g",
      "brand": "Jumbo",
      "category": "Vlees, vis en vega",
      "unit_size": null,
      "offer_price": 2.5,
      "normal_price": 2.5,
      "price_per_unit": 15.63,
      "price_unit": "kg",
      "discount_tag": "4 voor 8,00",
      "promo_title": "Kies & Mix gourmet mini's",
      "validity": null,
      "image_url": "",
      "source_url": "https://www.jumbo.com/aanbiedingen/kies-mix-gourmet-minis/3012537"
    },
    {
      "id": "715170STK",
      "name": "Jumbo Zalmfilet met Huid Naturel ca. 360 g",
      "brand": "Jumbo",
      "category": "Vlees, vis en vega",
      "unit_size": null,
      "offer_price": 6.5,
      "normal_price": 8.99,
      "price_per_unit": 18.06,
      "price_unit": "kg",
      "discount_tag": "voor 6,50",
      "promo_title": "Jumbo Zalmfilet met huid",
      "validity": "wo 17 t/m wo 31 dec",
      "image_url": "https://www.jumbo.com/dam-images/fit-in/360x360/Products/22092025_1758540896714_1758540901615_8718452979424_1.png",
      "source_url": "https://www.jumbo.com/aanbiedingen/jumbo-zalmfilet-met-huid/3012397"
    },
    {
      "id": "679082TRA",
      "name": "Jumbo Magere Spekblokjes 250 g",
      "brand": "Jumbo",
      "category": "Vlees, vis en vega",
      "unit_size": "250 g",
      "offer_price": 4.59,
      "normal_price": 4.59,
      "price_per_unit": 18.36,
      "price_unit": "kg",
      "discount_tag": "2 voor 6,00",
      "promo_title": "Spekreepjes, spekblokjes of hamblokjes",
      "validity": "wo 3 t/m wo 31 dec",
      "image_url": "https://www.jumbo.com/dam-images/fit-in/360x360/Products/22102025_1761132775355_1761132782127_8718452903504_1.png",
      "source_url": "https://www.jumbo.com/aanbiedingen/spekreepjes-spekblokjes-of-hamblokjes/3012042"
    },
    {
      "id": "679080TRA",
      "name": "Jumbo Gerookte Spekblokjes 250 g",
      "brand": "Jumbo",
      "category": "Vlees, vis en vega",
      "unit_size": "250 g",
      "offer_price": 4.59,
      "normal_price": 4.59,
      "price_per_unit": 18.36,
      "price_unit": "kg",
      "discount_tag": "2 voor 6,00",
      "promo_title": "Spekreepjes, spekblokjes of hamblokjes",
      "validity": "wo 3 t/m wo 31 dec",
      "image_url": "https://www.jumbo.com/dam-images/fit-in/360x360/Products/22102025_1761132775344_1761132781838_8718452903498_1.png",
      "source_url": "https://www.jumbo.com/aanbiedingen/spekreepjes-spekblokjes-of-hamblokjes/3012042"
    },
    {
      "id": "679081TRA",
      "name": "Jumbo Gerookte Spek Reepjes 250 g",
      "brand": "Jumbo",
      "category": "Vlees, vis en vega",
      "unit_size": "250 g",
      "offer_price": 4.79,
      "normal_price": 4.79,
      "price_per_unit": 19.16,
      "price_unit": "kg",
      "discount_tag": "2 voor 6,00",
      "promo_title": "Spekreepjes, spekblokjes of hamblokjes",
      "validity": "wo 3 t/m wo 31 dec",
      "image_url": "https://www.jumbo.com/dam-images/fit-in/360x360/Products/03062025_1748946834319_1748946842501_8718452903481_1.png",
      "source_url": "https://www.jumbo.com/aanbiedingen/spekreepjes-spekblokjes-of-hamblokjes/3012042"
    },
    {
      "id": "695841ZK",
      "name": "Jumbo Gekookte Hamblokjes 2 x 125 g",
      "brand": "Jumbo",
      "category": "Vlees, vis en vega",
      "unit_size": "2 x 125 g",
      "offer_price": 3.95,
      "normal_price": 3.95,
      "price_per_unit": 15.8,
      "price_unit": "kg",
      "discount_tag": "2 voor 6,00",
      "promo_title": "Spekreepjes, spekblokjes of hamblokjes",
      "validity": "wo 3 t/m wo 31 dec",
      "image_url": "https://www.jumbo.com/dam-images/fit-in/360x360/Products/26062025_1750948395532_1750948401762_8718452895748_1.png",
      "source_url": "https://www.jumbo.com/aanbiedingen/spekreepjes-spekblokjes-of-hamblokjes/3012042"
    },
    {
      "id": "655555STK",
      "name": "Jumbo Carpaccio met Italiaanse Kaas & Dressing 120 g",
      "brand": "Jumbo",
      "category": "Vleeswaren, kaas en tapas",
      "unit_size": "120 g",
      "offer_price": 3.79,
      "normal_price": 3.79,
      "price_per_unit": 31.58,
      "price_unit": "kg",
      "discount_tag": "2 voor 6,50",
      "promo_title": "Carpaccio",
      "validity": "wo 3 t/m wo 31 dec",
      "image_url": "https://www.jumbo.com/dam-images/fit-in/360x360/Products/04122025_1764844386861_1764844394008_8718452682935_1.png",
      "source_url": "https://www.jumbo.com/aanbiedingen/carpaccio/3012043"
    },
    {
      "id": "525042STK",
      "name": "Jumbo Carpaccio Truffel",
      "brand": "Jumbo",
      "category": "Vleeswaren, kaas en tapas",
      "unit_size": "143 g",
      "offer_price": 4.15,
      "normal_price": 4.15,
      "price_per_unit": 29.02,
      "price_unit": "kg",
      "discount_tag": "2 voor 6,50",
      "promo_title": "Carpaccio",
      "validity": "wo 3 t/m wo 31 dec",
      "image_url": "https://www.jumbo.com/dam-images/fit-in/360x360/Products/8718452686865Carpacciotruffel81613502-6122-4115-9195-22d9e91ff6c9-1764662079160.png",
      "source_url": "https://www.jumbo.com/aanbiedingen/carpaccio/3012043"
    },
    {
      "id": "363673STK",
      "name": "Jumbo Carpaccio Black Angus Truffel",
      "brand": "Jumbo",
      "category": "Vleeswaren, kaas en tapas",
      "unit_size": "143 g",
      "offer_price": 3.99,
      "normal_price": 3.99,
      "price_per_unit": 27.9,
      "price_unit": "kg",
      "discount_tag": "2 voor 6,50",
      "promo_title": "Carpaccio",
      "validity": "wo 3 t/m wo 31 dec",
      "image_url": "https://www.jumbo.com/dam-images/fit-in/360x360/Products/8718452605743T1586e3e08-dee3-41cb-889f-f9d00a5cf524-1764662080049.png",
      "source_url": "https://www.jumbo.com/aanbiedingen/carpaccio/3012043"
    },
    {
      "id": "630278STK",
      "name": "Jumbo Carpaccio Rode Wijn",
      "brand": "Jumbo",
      "category": "Vleeswaren, kaas en tapas",
      "unit_size": "133 g",
      "offer_price": 4.15,
      "normal_price": 4.15,
      "price_per_unit": 31.2,
      "price_unit": "kg",
      "discount_tag": "2 voor 6,50",
      "promo_title": "Carpaccio",
      "validity": "wo 3 t/m wo 31 dec",
      "image_url": "https://www.jumbo.com/dam-images/fit-in/360x360/Products/8718452843091T1Rundercarpacciorodewijna9f2a757-6b21-4228-9b7b-eae704f48971-1764662078556.png",
      "source_url": "https://www.jumbo.com/aanbiedingen/carpaccio/3012043"
    },
    {
      "id": "655554STK",
      "name": "Jumbo Runder Carpaccio",
      "brand": "Jumbo",
      "category": "Vleeswaren, kaas en tapas",
      "unit_size": "123 g",
      "offer_price": 4.15,
      "normal_price": 4.15,
      "price_per_unit": 34.58,
      "price_unit": "kg",
      "discount_tag": "2 voor 6,50",
      "promo_title": "Carpaccio",
      "validity": "wo 3 t/m wo 31 dec",
      "image_url": "https://www.jumbo.com/dam-images/fit-in/360x360/Products/8718452757053T1Rundcarpaccioa8351c99-858f-4032-bdf4-252a8fa5c788-1733397541375.png",
      "source_url": "https://www.jumbo.com/aanbiedingen/carpaccio/3012043"
    },
    {
      "id": "680028STK",
      "name": "Jumbo Zalm Carpaccio met Honingmosterddressing 125 g",
      "brand": "Jumbo",
      "category": "Vlees, vis en vega",
      "unit_size": "125 g",
      "offer_price": 4.15,
      "normal_price": 4.15,
      "price_per_unit": 33.2,
      "price_unit": "kg",
      "discount_tag": "2 voor 6,50",
      "promo_title": "Carpaccio",
      "validity": "wo 3 t/m wo 31 dec",
      "image_url": "https://www.jumbo.com/dam-images/fit-in/360x360/Products/10112025_1762781644382_1762781649888_8718452786794_1.png",
      "source_url": "https://www.jumbo.com/aanbiedingen/carpaccio/3012043"
    },
    {
      "id": "712603BAK",
      "name": "Oma's Ei Salade Traditioneel 160 g",
      "brand": "Oma's",
      "category": "Vleeswaren, kaas en tapas",
      "unit_size": "160 gram",
      "offer_price": 2.24,
      "normal_price": 2.99,
      "price_per_unit": 14.0,
      "price_unit": "kg",
      "discount_tag": "25% korting",
      "promo_title": "Oma's salades",
      "validity": "wo 17 t/m wo 31 dec",
      "image_url": "https://www.jumbo.com/dam-images/fit-in/360x360/Products/23102025_1761215578896_1761215586195_8721398084046_1.png",
      "source_url": "https://www.jumbo.com/aanbiedingen/omas-salades/3012406"
    },
    {
      "id": "712602BAK",
      "name": "Oma's Kip Kerrie Salade 160 g",
      "brand": "Oma's",
      "category": "Vleeswaren, kaas en tapas",
      "unit_size": "160 gram",
      "offer_price": 2.24,
      "normal_price": 2.99,
      "price_per_unit": 14.0,
      "price_unit": "kg",
      "discount_tag": "25% korting",
      "promo_title": "Oma's salades",
      "validity": "wo 17 t/m wo 31 dec",
      "image_url": "https://www.jumbo.com/dam-images/fit-in/360x360/Products/21102025_1761028391886_1761028399318_8721398084107_1.png",
      "source_url": "https://www.jumbo.com/aanbiedingen/omas-salades/3012406"
    },
    {
      "id": "712600BAK",
      "name": "Oma's Ei Salade Surinaams 160 g",
      "brand": "Oma's",
      "category": "Vleeswaren, kaas en tapas",
      "unit_size": "160 gram",
      "offer_price": 2.24,
      "normal_price": 2.99,
      "price_per_unit": 14.0,
      "price_unit": "kg",
      "discount_tag": "25% korting",
      "promo_title": "Oma's salades",
      "validity": "wo 17 t/m wo 31 dec",
      "image_url": "https://www.jumbo.com/dam-images/fit-in/360x360/Products/21102025_1761028392100_1761028398873_8721398084060_1.png",
      "source_url": "https://www.jumbo.com/aanbiedingen/omas-salades/3012406"
    },
    {
      "id": "712601BAK",
      "name": "Oma's Tonijn Salade 160 g",
      "brand": "Oma's",
      "category": "Vleeswaren, kaas en tapas",
      "unit_size": "160 gram",
      "offer_price": 2.24,
      "normal_price": 2.99,
      "price_per_unit": 14.0,
      "price_unit": "kg",
      "discount_tag": "25% korting",
      "promo_title": "Oma's salades",
      "validity": "wo 17 t/m wo 31 dec",
      "image_url": "https://www.jumbo.com/dam-images/fit-in/360x360/Products/21102025_1761028391887_1761028398669_8721398084084_1.png",
      "source_url": "https://www.jumbo.com/aanbiedingen/omas-salades/3012406"
    },
    {
      "id": "641203KGR",
      "name": "Jumbo Roasted Ham ca. 110 g",
      "brand": "Jumbo",
      "category": "Vleeswaren, kaas en tapas",
      "unit_size": null,
      "offer_price": 2.59,
      "normal_price": 3.46,
      "price_per_unit": 23.59,
      "price_unit": "kg",
      "discount_tag": "25% korting",
      "promo_title": "Alle Jumbo versgesneden ham",
      "validity": "wo 17 t/m wo 31 dec",
      "image_url": "https://www.jumbo.com/dam-images/fit-in/360x360/Products/07072025_1751887996834_1751888002620_2353074000000_1.png",
      "source_url": "https://www.jumbo.com/aanbiedingen/alle-jumbo-versgesneden-ham/3012384"
    },
    {
      "id": "641363KGR",
      "name": "Jumbo Boerengrillham ca. 110 g",
      "brand": "Jumbo",
      "category": "Vleeswaren, kaas en tapas",
      "unit_size": null,
      "offer_price": 2.59,
      "normal_price": 3.46,
      "price_per_unit": 23.59,
      "price_unit": "kg",
      "discount_tag": "25% korting",
      "promo_title": "Alle Jumbo versgesneden ham",
      "validity": "wo 17 t/m wo 31 dec",
      "image_url": "https://www.jumbo.com/dam-images/fit-in/360x360/Products/07072025_1751887996923_1751888002720_2378324000000_1.png",
      "source_url": "https://www.jumbo.com/aanbiedingen/alle-jumbo-versgesneden-ham/3012384"
    },
    {
      "id": "668878KGR",
      "name": "Jumbo Gebakken Yorkham ca. 120 g",
      "brand": "Jumbo",
      "category": "Vleeswaren, kaas en tapas",
      "unit_size": null,
      "offer_price": 2.74,
      "normal_price": 3.66,
      "price_per_unit": 22.83,
      "price_unit": "kg",
      "discount_tag": "25% korting",
      "promo_title": "Alle Jumbo versgesneden ham",
      "validity": "wo 17 t/m wo 31 dec",
      "image_url": "https://www.jumbo.com/dam-images/fit-in/360x360/Products/14022025_1739539159103_1739539167055_2369594000000_1.png",
      "source_url": "https://www.jumbo.com/aanbiedingen/alle-jumbo-versgesneden-ham/3012384"
    },
    {
      "id": "668881KGR",
      "name": "Jumbo Beenham Gerookt ca. 120 g",
      "brand": "Jumbo",
      "category": "Vleeswaren, kaas en tapas",
      "unit_size": null,
      "offer_price": 2.74,
      "normal_price": 3.66,
      "price_per_unit": 30.5,
      "price_unit": "kg",
      "discount_tag": "25% korting",
      "promo_title": "Alle Jumbo versgesneden ham",
      "validity": "wo 17 t/m wo 31 dec",
      "image_url": "https://www.jumbo.com/dam-images/fit-in/360x360/Products/07022025_1738945991249_1738946009543_2369597000000_1.png",
      "source_url": "https://www.jumbo.com/aanbiedingen/alle-jumbo-versgesneden-ham/3012384"
    },
    {
      "id": "679440KGR",
      "name": "YORKHAM NATUREL",
      "brand": "Jumbo",
      "category": "Vleeswaren, kaas en tapas",
      "unit_size": null,
      "offer_price": 0.02,
      "normal_price": 0.03,
      "price_per_unit": 30.5,
      "price_unit": "kg",
      "discount_tag": "25% korting",
      "promo_title": "Alle Jumbo versgesneden ham",
      "validity": "wo 17 t/m wo 31 dec",
      "image_url": "",
      "source_url": "https://www.jumbo.com/aanbiedingen/alle-jumbo-versgesneden-ham/3012384"
    },
    {
      "id": "668882KGR",
      "name": "Jumbo Slagers Achterham ca. 110 g",
      "brand": "Jumbo",
      "category": "Vleeswaren, kaas en tapas",
      "unit_size": null,
      "offer_price": 2.51,
      "normal_price": 3.35,
      "price_per_unit": 30.5,
      "price_unit": "kg",
      "discount_tag": "25% korting",
      "promo_title": "Alle Jumbo versgesneden ham",
      "validity": "wo 17 t/m wo 31 dec",
      "image_url": "https://www.jumbo.com/dam-images/fit-in/360x360/Products/14032025_1741966368310_1741966375506_2369598000000_1.png",
      "source_url": "https://www.jumbo.com/aanbiedingen/alle-jumbo-versgesneden-ham/3012384"
    },
    {
      "id": "707477KGR",
      "name": "Jumbo Peperham ca. 100 g",
      "brand": "Jumbo",
      "category": "Vleeswaren, kaas en tapas",
      "unit_size": null,
      "offer_price": 2.4,
      "normal_price": 3.2,
      "price_per_unit": 32.0,
      "price_unit": "kg",
      "discount_tag": "25% korting",
      "promo_title": "Alle Jumbo versgesneden ham",
      "validity": "wo 17 t/m wo 31 dec",
      "image_url": "https://www.jumbo.com/dam-images/fit-in/360x360/Products/08082025_1754638396508_1754638403331_2348603000000_1.png",
      "source_url": "https://www.jumbo.com/aanbiedingen/alle-jumbo-versgesneden-ham/3012384"
    },
    {
      "id": "641385KGR",
      "name": "Jumbo Brabantse Slagersachterham ca. 110 g",
      "brand": "Jumbo",
      "category": "Vleeswaren, kaas en tapas",
      "unit_size": null,
      "offer_price": 2.59,
      "normal_price": 3.46,
      "price_per_unit": 23.59,
      "price_unit": "kg",
      "discount_tag": "25% korting",
      "promo_title": "Alle Jumbo versgesneden ham",
      "validity": "wo 17 t/m wo 31 dec",
      "image_url": "https://www.jumbo.com/dam-images/fit-in/360x360/Products/07072025_1751887997020_1751888002433_2378333000000_1.png",
      "source_url": "https://www.jumbo.com/aanbiedingen/alle-jumbo-versgesneden-ham/3012384"
    },
    {
      "id": "668880KGR",
      "name": "Jumbo Yorkham Naturel ca. 120 g",
      "brand": "Jumbo",
      "category": "Vleeswaren, kaas en tapas",
      "unit_size": null,
      "offer_price": 2.74,
      "normal_price": 3.66,
      "price_per_unit": 30.5,
      "price_unit": "kg",
      "discount_tag": "25% korting",
      "promo_title": "Alle Jumbo versgesneden ham",
      "validity": "wo 17 t/m wo 31 dec",
      "image_url": "https://www.jumbo.com/dam-images/fit-in/360x360/Products/07022025_1738945991430_1738946009799_2369595000000_1.png",
      "source_url": "https://www.jumbo.com/aanbiedingen/alle-jumbo-versgesneden-ham/3012384"
    },
    {
      "id": "668879KGR",
      "name": "Jumbo Gegrilde Beenham ca. 120 g",
      "brand": "Jumbo",
      "category": "Vleeswaren, kaas en tapas",
      "unit_size": null,
      "offer_price": 2.74,
      "normal_price": 3.66,
      "price_per_unit": 22.83,
      "price_unit": "kg",
      "discount_tag": "25% korting",
      "promo_title": "Alle Jumbo versgesneden ham",
      "validity": "wo 17 t/m wo 31 dec",
      "image_url": "https://www.jumbo.com/dam-images/fit-in/360x360/Products/07022025_1738945991433_1738946009520_2369596000000_1.png",
      "source_url": "https://www.jumbo.com/aanbiedingen/alle-jumbo-versgesneden-ham/3012384"
    },
    {
      "id": "487369KGR",
      "name": "BEENHAM GEGRILD",
      "brand": "Jumbo",
      "category": "Vleeswaren, kaas en tapas",
      "unit_size": null,
      "offer_price": 0.02,
      "normal_price": 0.03,
      "price_per_unit": 30.5,
      "price_unit": "kg",
      "discount_tag": "25% korting",
      "promo_title": "Alle Jumbo versgesneden ham",
      "validity": "wo 17 t/m wo 31 dec",
      "image_url": "",
      "source_url": "https://www.jumbo.com/aanbiedingen/alle-jumbo-versgesneden-ham/3012384"
    },
    {
      "id": "656720KGR",
      "name": "Wapenaer Goudse Kaas 48+ met Komijn Belegen ca. 200 g",
      "brand": "Wapenaer",
      "category": "Vleeswaren, kaas en tapas",
      "unit_size": null,
      "offer_price": 4.2,
      "normal_price": 4.2,
      "price_per_unit": 20.99,
      "price_unit": "kg",
      "discount_tag": "2e halve prijs",
      "promo_title": "Wapenaer 48+ of Roem 50+ plakken",
      "validity": "wo 3 t/m wo 31 dec",
      "image_url": "https://www.jumbo.com/dam-images/fit-in/360x360/Products/31122024_1735648371129_1735648379502_2336141000000_1.png",
      "source_url": "https://www.jumbo.com/aanbiedingen/wapenaer-48+-of-roem-50+-plakken/3012111"
    },
    {
      "id": "656719KGR",
      "name": "Wapenaer Goudse Kaas 48+ Belegen Plakken ca. 200 g",
      "brand": "Wapenaer",
      "category": "Vleeswaren, kaas en tapas",
      "unit_size": null,
      "offer_price": 4.1,
      "normal_price": 4.1,
      "price_per_unit": 20.5,
      "price_unit": "kg",
      "discount_tag": "2e halve prijs",
      "promo_title": "Wapenaer 48+ of Roem 50+ plakken",
      "validity": "wo 3 t/m wo 31 dec",
      "image_url": "https://www.jumbo.com/dam-images/fit-in/360x360/Products/11112024_1731339258812_1731339265103_2336144000000_1.png",
      "source_url": "https://www.jumbo.com/aanbiedingen/wapenaer-48+-of-roem-50+-plakken/3012111"
    },
    {
      "id": "656686KGR",
      "name": "Wapenaer Goudse Kaas 48+ Overjarig Plakken ca. 200 g",
      "brand": "Wapenaer",
      "category": "Vleeswaren, kaas en tapas",
      "unit_size": null,
      "offer_price": 5.1,
      "normal_price": 5.1,
      "price_per_unit": 25.49,
      "price_unit": "kg",
      "discount_tag": "2e halve prijs",
      "promo_title": "Wapenaer 48+ of Roem 50+ plakken",
      "validity": "wo 3 t/m wo 31 dec",
      "image_url": "https://www.jumbo.com/dam-images/fit-in/360x360/Products/20012025_1737387270320_1737387275385_2336147000000_1.png",
      "source_url": "https://www.jumbo.com/aanbiedingen/wapenaer-48+-of-roem-50+-plakken/3012111"
    },
    {
      "id": "656688KGR",
      "name": "Wapenaer Goudse Kaas Jong 48+ Plakken ca. 230 g",
      "brand": "Wapenaer",
      "category": "Vleeswaren, kaas en tapas",
      "unit_size": null,
      "offer_price": 3.91,
      "normal_price": 3.91,
      "price_per_unit": 16.99,
      "price_unit": "kg",
      "discount_tag": "2e halve prijs",
      "promo_title": "Wapenaer 48+ of Roem 50+ plakken",
      "validity": "wo 3 t/m wo 31 dec",
      "image_url": "https://www.jumbo.com/dam-images/fit-in/360x360/Products/04092025_1756996411982_1756996416177_2336146000000_1.png",
      "source_url": "https://www.jumbo.com/aanbiedingen/wapenaer-48+-of-roem-50+-plakken/3012111"
    },
    {
      "id": "711998KGR",
      "name": "Roem Jong Belegen 50+ Kaas ca. 200g",
      "brand": "Roem",
      "category": "Vleeswaren, kaas en tapas",
      "unit_size": null,
      "offer_price": 3.9,
      "normal_price": 3.9,
      "price_per_unit": 19.49,
      "price_unit": "kg",
      "discount_tag": "2e halve prijs",
      "promo_title": "Wapenaer 48+ of Roem 50+ plakken",
      "validity": "wo 3 t/m wo 31 dec",
      "image_url": "https://www.jumbo.com/dam-images/fit-in/360x360/Products/27102025_1761593638789_1761593643806_2312167000000_1.png",
      "source_url": "https://www.jumbo.com/aanbiedingen/wapenaer-48+-of-roem-50+-plakken/3012111"
    },
    {
      "id": "656697KGR",
      "name": "Wapenaer Goudse Kaas Jong Belegen met Komijn 48+ Plakken ca. 200 g",
      "brand": "Wapenaer",
      "category": "Vleeswaren, kaas en tapas",
      "unit_size": null,
      "offer_price": 3.98,
      "normal_price": 3.98,
      "price_per_unit": 19.9,
      "price_unit": "kg",
      "discount_tag": "2e halve prijs",
      "promo_title": "Wapenaer 48+ of Roem 50+ plakken",
      "validity": "wo 3 t/m wo 31 dec",
      "image_url": "https://www.jumbo.com/dam-images/fit-in/360x360/Products/23122024_1734960858001_1734960863426_2336140000000_1.png",
      "source_url": "https://www.jumbo.com/aanbiedingen/wapenaer-48+-of-roem-50+-plakken/3012111"
    },
    {
      "id": "712005KGR",
      "name": "Roem Oud 50+ Kaas ca. 200g",
      "brand": "Roem",
      "category": "Vleeswaren, kaas en tapas",
      "unit_size": null,
      "offer_price": 4.8,
      "normal_price": 4.8,
      "price_per_unit": 24.0,
      "price_unit": "kg",
      "discount_tag": "2e halve prijs",
      "promo_title": "Wapenaer 48+ of Roem 50+ plakken",
      "validity": "wo 3 t/m wo 31 dec",
      "image_url": "https://www.jumbo.com/dam-images/fit-in/360x360/Products/27102025_1761593639148_1761593644729_2312176000000_1.png",
      "source_url": "https://www.jumbo.com/aanbiedingen/wapenaer-48+-of-roem-50+-plakken/3012111"
    },
    {
      "id": "656690KGR",
      "name": "Wapenaer Goudse Kaas 48+ Jong Belegen ca. 230 g",
      "brand": "Wapenaer",
      "category": "Vleeswaren, kaas en tapas",
      "unit_size": null,
      "offer_price": 4.35,
      "normal_price": 4.35,
      "price_per_unit": 18.9,
      "price_unit": "kg",
      "discount_tag": "2e halve prijs",
      "promo_title": "Wapenaer 48+ of Roem 50+ plakken",
      "validity": "wo 3 t/m wo 31 dec",
      "image_url": "https://www.jumbo.com/dam-images/fit-in/360x360/Products/14102024_1728894968394_1728894979077_2336145000000_1.png",
      "source_url": "https://www.jumbo.com/aanbiedingen/wapenaer-48+-of-roem-50+-plakken/3012111"
    },
    {
      "id": "656687KGR",
      "name": "Wapenaer Goudse Kaas 48+ Oud ca. 200 g",
      "brand": "Wapenaer",
      "category": "Vleeswaren, kaas en tapas",
      "unit_size": null,
      "offer_price": 4.9,
      "normal_price": 4.9,
      "price_per_unit": 24.49,
      "price_unit": "kg",
      "discount_tag": "2e halve prijs",
      "promo_title": "Wapenaer 48+ of Roem 50+ plakken",
      "validity": "wo 3 t/m wo 31 dec",
      "image_url": "https://www.jumbo.com/dam-images/fit-in/360x360/Products/31122024_1735648371047_1735648376559_2336143000000_1.png",
      "source_url": "https://www.jumbo.com/aanbiedingen/wapenaer-48+-of-roem-50+-plakken/3012111"
    },
    {
      "id": "656718KGR",
      "name": "Wapenaer Goudse Kaas Extra Belegen 48+ Plakken ca. 200 g",
      "brand": "Wapenaer",
      "category": "Vleeswaren, kaas en tapas",
      "unit_size": null,
      "offer_price": 4.3,
      "normal_price": 4.3,
      "price_per_unit": 21.49,
      "price_unit": "kg",
      "discount_tag": "2e halve prijs",
      "promo_title": "Wapenaer 48+ of Roem 50+ plakken",
      "validity": "wo 3 t/m wo 31 dec",
      "image_url": "https://www.jumbo.com/dam-images/fit-in/360x360/Products/23122024_1734960858086_1734960865258_2336142000000_1.png",
      "source_url": "https://www.jumbo.com/aanbiedingen/wapenaer-48+-of-roem-50+-plakken/3012111"
    },
    {
      "id": "656689KGR",
      "name": "Wapenaer Goudse Kaas Oud met Komijn 48+ Plakken ca. 200 g",
      "brand": "Wapenaer",
      "category": "Vleeswaren, kaas en tapas",
      "unit_size": null,
      "offer_price": 4.6,
      "normal_price": 4.6,
      "price_per_unit": 22.99,
      "price_unit": "kg",
      "discount_tag": "2e halve prijs",
      "promo_title": "Wapenaer 48+ of Roem 50+ plakken",
      "validity": "wo 3 t/m wo 31 dec",
      "image_url": "https://www.jumbo.com/dam-images/fit-in/360x360/Products/23122024_1734960857754_1734960864228_2336150000000_1.png",
      "source_url": "https://www.jumbo.com/aanbiedingen/wapenaer-48+-of-roem-50+-plakken/3012111"
    },
    {
      "id": "576334PAK",
      "name": "Croma Bakken en Braden Voordeelpak 500 g",
      "brand": "Croma",
      "category": "Zuivel, eieren, boter",
      "unit_size": "500 g",
      "offer_price": 2.99,
      "normal_price": 3.99,
      "price_per_unit": 5.98,
      "price_unit": "kg",
      "discount_tag": "voor 2,99",
      "promo_title": "Croma",
      "validity": "wo 17 t/m vr 26 dec",
      "image_url": "https://www.jumbo.com/dam-images/fit-in/360x360/Products/07072025_1751880766579_1751880772678_8719200263116_1.png",
      "source_url": "https://www.jumbo.com/aanbiedingen/croma/3012432"
    },
    {
      "id": "225742FLS",
      "name": "Croma Bakken en Braden Voordeelfles 750 ml",
      "brand": "Croma",
      "category": "Zuivel, eieren, boter",
      "unit_size": "750 ml",
      "offer_price": 2.99,
      "normal_price": 5.39,
      "price_per_unit": 3.99,
      "price_unit": "l",
      "discount_tag": "voor 2,99",
      "promo_title": "Croma",
      "validity": "wo 17 t/m vr 26 dec",
      "image_url": "https://www.jumbo.com/dam-images/fit-in/360x360/Products/02042025_1743582811769_1743582817086_8719200017597_1.png",
      "source_url": "https://www.jumbo.com/aanbiedingen/croma/3012432"
    },
    {
      "id": "202676STK",
      "name": "Optimel Kwark met Magere Yoghurt Vanille 0% Vet 500g",
      "brand": "Optimel",
      "category": "Zuivel, eieren, boter",
      "unit_size": "500 g",
      "offer_price": 2.59,
      "normal_price": 2.59,
      "price_per_unit": 5.18,
      "price_unit": "kg",
      "discount_tag": "2 voor 3,00",
      "promo_title": "Optimel kwark of yoghurt",
      "validity": "vr 19 t/m vr 26 dec",
      "image_url": "https://www.jumbo.com/dam-images/fit-in/360x360/Products/18022025_1739889360668_1739889406171_8712800182238_1.png",
      "source_url": "https://www.jumbo.com/aanbiedingen/optimel-kwark-of-yoghurt/3014300"
    },
    {
      "id": "421722CUP",
      "name": "Optimel Magere Kwark met Magere Yoghurt Stracciatella Smaak 0% Vet 500g",
      "brand": "Optimel",
      "category": "Zuivel, eieren, boter",
      "unit_size": "500 g",
      "offer_price": 2.59,
      "normal_price": 2.59,
      "price_per_unit": 5.18,
      "price_unit": "kg",
      "discount_tag": "2 voor 3,00",
      "promo_title": "Optimel kwark of yoghurt",
      "validity": "vr 19 t/m vr 26 dec",
      "image_url": "https://www.jumbo.com/dam-images/fit-in/360x360/Products/14022025_1739539352822_1739539357040_8712800190790_1.png",
      "source_url": "https://www.jumbo.com/aanbiedingen/optimel-kwark-of-yoghurt/3014300"
    },
    {
      "id": "712760PAK",
      "name": "Optimel Magere Kwark met Magere Yoghurt Aardbei 0% Vet 500g",
      "brand": "Optimel",
      "category": "Zuivel, eieren, boter",
      "unit_size": "500 g",
      "offer_price": 2.59,
      "normal_price": 2.59,
      "price_per_unit": 5.18,
      "price_unit": "kg",
      "discount_tag": "2 voor 3,00",
      "promo_title": "Optimel kwark of yoghurt",
      "validity": "vr 19 t/m vr 26 dec",
      "image_url": "https://www.jumbo.com/dam-images/fit-in/360x360/Products/14022025_1739539354080_1739539359030_8712800020370_1.png",
      "source_url": "https://www.jumbo.com/aanbiedingen/optimel-kwark-of-yoghurt/3014300"
    },
    {
      "id": "498984CUP",
      "name": "Optimel Magere Kwark met Magere Yoghurt Sinaasappel Abrikoos 0% Vet 500g",
      "brand": "Optimel",
      "category": "Zuivel, eieren, boter",
      "unit_size": "500 g",
      "offer_price": 2.79,
      "normal_price": 2.79,
      "price_per_unit": 5.58,
      "price_unit": "kg",
      "discount_tag": "2 voor 3,00",
      "promo_title": "Optimel kwark of yoghurt",
      "validity": "vr 19 t/m vr 26 dec",
      "image_url": "https://www.jumbo.com/dam-images/fit-in/360x360/Products/14022025_1739539353718_1739539358078_8712800187721_1.png",
      "source_url": "https://www.jumbo.com/aanbiedingen/optimel-kwark-of-yoghurt/3014300"
    },
    {
      "id": "612032CUP",
      "name": "Optimel Proteïne Yoghurt Perzik Passievrucht 0% Vet",
      "brand": "Optimel",
      "category": "Zuivel, eieren, boter",
      "unit_size": "450 g",
      "offer_price": 2.49,
      "normal_price": 2.49,
      "price_per_unit": 5.53,
      "price_unit": "kg",
      "discount_tag": "2 voor 3,00",
      "promo_title": "Optimel kwark of yoghurt",
      "validity": "vr 19 t/m vr 26 dec",
      "image_url": "https://www.jumbo.com/dam-images/fit-in/360x360/Products/03032025_1740968176948_1740968184245_612032_CUP_08712800000181_H1N1.png",
      "source_url": "https://www.jumbo.com/aanbiedingen/optimel-kwark-of-yoghurt/3014300"
    },
    {
      "id": "612027CUP",
      "name": "Optimel Proteïne Yoghurt Bosbes Vanillesmaak 0% Vet 450g",
      "brand": "Optimel",
      "category": "Zuivel, eieren, boter",
      "unit_size": "450 g",
      "offer_price": 2.49,
      "normal_price": 2.49,
      "price_per_unit": 5.53,
      "price_unit": "kg",
      "discount_tag": "2 voor 3,00",
      "promo_title": "Optimel kwark of yoghurt",
      "validity": "vr 19 t/m vr 26 dec",
      "image_url": "https://www.jumbo.com/dam-images/fit-in/360x360/Products/06032025_1741249972518_1741249979237_8712800037408_1.png",
      "source_url": "https://www.jumbo.com/aanbiedingen/optimel-kwark-of-yoghurt/3014300"
    },
    {
      "id": "512896CUP",
      "name": "Optimel Magere Kwark met Magere Yoghurt Appel Kaneel 0% Vet 500g",
      "brand": "Optimel",
      "category": "Zuivel, eieren, boter",
      "unit_size": "500 g",
      "offer_price": 2.59,
      "normal_price": 2.59,
      "price_per_unit": 5.18,
      "price_unit": "kg",
      "discount_tag": "2 voor 3,00",
      "promo_title": "Optimel kwark of yoghurt",
      "validity": "vr 19 t/m vr 26 dec",
      "image_url": "https://www.jumbo.com/dam-images/fit-in/360x360/Products/14022025_1739539353861_1739539357712_8712800007074_1.png",
      "source_url": "https://www.jumbo.com/aanbiedingen/optimel-kwark-of-yoghurt/3014300"
    },
    {
      "id": "457844CUP",
      "name": "Optimel Magere Kwark met Magere Yoghurt Bosbes 0% Vet 500g",
      "brand": "Optimel",
      "category": "Zuivel, eieren, boter",
      "unit_size": "500 g",
      "offer_price": 2.59,
      "normal_price": 2.59,
      "price_per_unit": 5.18,
      "price_unit": "kg",
      "discount_tag": "2 voor 3,00",
      "promo_title": "Optimel kwark of yoghurt",
      "validity": "vr 19 t/m vr 26 dec",
      "image_url": "https://www.jumbo.com/dam-images/fit-in/360x360/Products/14022025_1739539374019_1739539376990_8712800000723_1.png",
      "source_url": "https://www.jumbo.com/aanbiedingen/optimel-kwark-of-yoghurt/3014300"
    },
    {
      "id": "68927BAK",
      "name": "Optimel Magere Kwark met Magere Yoghurt Winter Orange 0% Vet Limited Edition 500 g",
      "brand": "Optimel",
      "category": "Zuivel, eieren, boter",
      "unit_size": "500 g",
      "offer_price": 2.79,
      "normal_price": 2.79,
      "price_per_unit": 5.58,
      "price_unit": "kg",
      "discount_tag": "2 voor 3,00",
      "promo_title": "Optimel kwark of yoghurt",
      "validity": "vr 19 t/m vr 26 dec",
      "image_url": "https://www.jumbo.com/dam-images/fit-in/360x360/Products/28092025_1759021591498_1759021598059_68927_BAK_08712800019039_H1N1.png",
      "source_url": "https://www.jumbo.com/aanbiedingen/optimel-kwark-of-yoghurt/3014300"
    },
    {
      "id": "699959DS",
      "name": "Jumbo Dessert Pakket Tiramisu 450 g",
      "brand": "Jumbo",
      "category": "Zuivel, eieren, boter",
      "unit_size": "450 g",
      "offer_price": 4.99,
      "normal_price": 6.99,
      "price_per_unit": 11.09,
      "price_unit": "kg",
      "discount_tag": "voor 4,99",
      "promo_title": "Dessertpakket Tiramisu en Panna Cotta",
      "validity": "ma 22 t/m wo 31 dec",
      "image_url": "https://www.jumbo.com/dam-images/fit-in/360x360/Products/06112025_1762428787423_1762428803773_8718452937639_596.png",
      "source_url": "https://www.jumbo.com/aanbiedingen/dessertpakket-tiramisu-en-panna-cotta/3014373"
    },
    {
      "id": "699958DS",
      "name": "Jumbo Dessert Pakket Panna Cotta met Stoofpeer 700 g",
      "brand": "Jumbo",
      "category": "Zuivel, eieren, boter",
      "unit_size": "700 g",
      "offer_price": 4.99,
      "normal_price": 6.99,
      "price_per_unit": 9.99,
      "price_unit": "kg",
      "discount_tag": "voor 4,99",
      "promo_title": "Dessertpakket Tiramisu en Panna Cotta",
      "validity": "ma 22 t/m wo 31 dec",
      "image_url": "https://www.jumbo.com/dam-images/fit-in/360x360/Products/06112025_1762425286810_1762425307204_8718452937622_596.png",
      "source_url": "https://www.jumbo.com/aanbiedingen/dessertpakket-tiramisu-en-panna-cotta/3014373"
    },
    {
      "id": "699438ZK",
      "name": "Jumbo Mousse Chocolade in Spuitzak 300 g",
      "brand": "Jumbo",
      "category": "Zuivel, eieren, boter",
      "unit_size": "300 g",
      "offer_price": 3.99,
      "normal_price": 5.89,
      "price_per_unit": 13.3,
      "price_unit": "kg",
      "discount_tag": "voor 3,99",
      "promo_title": "Jumbo Mousse Spuitzakken",
      "validity": "ma 22 t/m wo 31 dec",
      "image_url": "https://www.jumbo.com/dam-images/fit-in/360x360/Products/31102025_1761921190649_1761921194755_8718452937783_1.png",
      "source_url": "https://www.jumbo.com/aanbiedingen/jumbo-mousse-spuitzakken/3014428"
    },
    {
      "id": "699460ZK",
      "name": "Jumbo Mousse Cassis in Spuitzak 300 g",
      "brand": "Jumbo",
      "category": "Zuivel, eieren, boter",
      "unit_size": "300 g",
      "offer_price": 3.99,
      "normal_price": 5.89,
      "price_per_unit": 19.63,
      "price_unit": "kg",
      "discount_tag": "voor 3,99",
      "promo_title": "Jumbo Mousse Spuitzakken",
      "validity": "ma 22 t/m wo 31 dec",
      "image_url": "https://www.jumbo.com/dam-images/fit-in/360x360/Products/31102025_1761910391205_1761910395572_8718452937806_1.png",
      "source_url": "https://www.jumbo.com/aanbiedingen/jumbo-mousse-spuitzakken/3014428"
    },
    {
      "id": "699461ZK",
      "name": "Jumbo Mousse Hazelnoot in Spuitzak 300 g",
      "brand": "Jumbo",
      "category": "Zuivel, eieren, boter",
      "unit_size": "300 g",
      "offer_price": 3.99,
      "normal_price": 5.89,
      "price_per_unit": 19.63,
      "price_unit": "kg",
      "discount_tag": "voor 3,99",
      "promo_title": "Jumbo Mousse Spuitzakken",
      "validity": "ma 22 t/m wo 31 dec",
      "image_url": "https://www.jumbo.com/dam-images/fit-in/360x360/Products/31102025_1761910390581_1761910394773_8718452937790_1.png",
      "source_url": "https://www.jumbo.com/aanbiedingen/jumbo-mousse-spuitzakken/3014428"
    },
    {
      "id": "707028DS",
      "name": "Jumbo's XXL Dessert Taart Chocolade 8 Personen",
      "brand": "Jumbo's",
      "category": "Zuivel, eieren, boter",
      "unit_size": "700 g",
      "offer_price": 4.99,
      "normal_price": 7.99,
      "price_per_unit": 7.13,
      "price_unit": "kg",
      "discount_tag": "voor 4,99",
      "promo_title": "Jumbo's chocolade desserttaart",
      "validity": "ma 22 t/m wo 31 dec",
      "image_url": "https://www.jumbo.com/dam-images/fit-in/360x360/Products/06112025_1762443166163_1762443186963_8718452937851_596.png",
      "source_url": "https://www.jumbo.com/aanbiedingen/jumbos-chocolade-desserttaart/3014353"
    },
    {
      "id": "527014PAK",
      "name": "Campina Magere Yoghurt 1 L",
      "brand": "Campina",
      "category": "Zuivel, eieren, boter",
      "unit_size": "1 liter",
      "offer_price": 1.69,
      "normal_price": 1.69,
      "price_per_unit": 1.69,
      "price_unit": "l",
      "discount_tag": "2 voor 3,00",
      "promo_title": "Campina kwark of yoghurt",
      "validity": "wo 3 t/m wo 31 dec",
      "image_url": "https://www.jumbo.com/dam-images/fit-in/360x360/Products/25102025_1761356573497_1761356586889_527014_PAK_08712800001218_H1N1.png",
      "source_url": "https://www.jumbo.com/aanbiedingen/campina-kwark-of-yoghurt/3012080"
    },
    {
      "id": "678560CUP",
      "name": "Campina Magere Milde Kwark met 'n Vleugje Vanille & Granola 225 g",
      "brand": "Campina",
      "category": "Zuivel, eieren, boter",
      "unit_size": "225 g",
      "offer_price": 1.69,
      "normal_price": 1.69,
      "price_per_unit": 7.51,
      "price_unit": "kg",
      "discount_tag": "2 voor 3,00",
      "promo_title": "Campina kwark of yoghurt",
      "validity": "wo 3 t/m wo 31 dec",
      "image_url": "https://www.jumbo.com/dam-images/fit-in/360x360/Products/21032025_1742535419881_1742535442959_678560_CUP_08712800037439_H1N1.png",
      "source_url": "https://www.jumbo.com/aanbiedingen/campina-kwark-of-yoghurt/3012080"
    },
    {
      "id": "347423CUP",
      "name": "Campina Magere Milde Kwark met 'n Vleugje Aardbei 500 g",
      "brand": "Campina",
      "category": "Zuivel, eieren, boter",
      "unit_size": "500 g",
      "offer_price": 2.09,
      "normal_price": 2.09,
      "price_per_unit": 4.18,
      "price_unit": "kg",
      "discount_tag": "2 voor 3,00",
      "promo_title": "Campina kwark of yoghurt",
      "validity": "wo 3 t/m wo 31 dec",
      "image_url": "https://www.jumbo.com/dam-images/fit-in/360x360/Products/12092024_1726137207654_1726137214187_8712800100690_1.png",
      "source_url": "https://www.jumbo.com/aanbiedingen/campina-kwark-of-yoghurt/3012080"
    },
    {
      "id": "183639STK",
      "name": "Campina Volle Milde Kwark Naturel 500 g",
      "brand": "Campina",
      "category": "Zuivel, eieren, boter",
      "unit_size": "500 g",
      "offer_price": 2.29,
      "normal_price": 2.29,
      "price_per_unit": 4.58,
      "price_unit": "kg",
      "discount_tag": "2 voor 3,00",
      "promo_title": "Campina kwark of yoghurt",
      "validity": "wo 3 t/m wo 31 dec",
      "image_url": "https://www.jumbo.com/dam-images/fit-in/360x360/Products/12092024_1726137208130_1726137214680_8712800147923_1.png",
      "source_url": "https://www.jumbo.com/aanbiedingen/campina-kwark-of-yoghurt/3012080"
    },
    {
      "id": "678561CUP",
      "name": "Campina Magere Milde Kwark 'n met Vleugje Aardbei & Granola 225 g",
      "brand": "Campina",
      "category": "Zuivel, eieren, boter",
      "unit_size": "225 g",
      "offer_price": 1.69,
      "normal_price": 1.69,
      "price_per_unit": 7.51,
      "price_unit": "kg",
      "discount_tag": "2 voor 3,00",
      "promo_title": "Campina kwark of yoghurt",
      "validity": "wo 3 t/m wo 31 dec",
      "image_url": "https://www.jumbo.com/dam-images/fit-in/360x360/Products/21032025_1742535413011_1742535437904_678561_CUP_08712800037422_H1N1.png",
      "source_url": "https://www.jumbo.com/aanbiedingen/campina-kwark-of-yoghurt/3012080"
    },
    {
      "id": "527080PAK",
      "name": "Campina Halfvolle Yoghurt Vanillesmaak 1 L",
      "brand": "Campina",
      "category": "Zuivel, eieren, boter",
      "unit_size": "1 liter",
      "offer_price": 1.99,
      "normal_price": 1.99,
      "price_per_unit": 1.99,
      "price_unit": "l",
      "discount_tag": "2 voor 3,00",
      "promo_title": "Campina kwark of yoghurt",
      "validity": "wo 3 t/m wo 31 dec",
      "image_url": "https://www.jumbo.com/dam-images/fit-in/360x360/Products/25102025_1761355398903_1761355412210_527080_PAK_08712800001560_H1N1.png",
      "source_url": "https://www.jumbo.com/aanbiedingen/campina-kwark-of-yoghurt/3012080"
    },
    {
      "id": "31677PAK",
      "name": "Campina Milde Halfvolle Yoghurt 1 L",
      "brand": "Campina",
      "category": "Zuivel, eieren, boter",
      "unit_size": "1 liter",
      "offer_price": 1.89,
      "normal_price": 1.89,
      "price_per_unit": 1.89,
      "price_unit": "l",
      "discount_tag": "2 voor 3,00",
      "promo_title": "Campina kwark of yoghurt",
      "validity": "wo 3 t/m wo 31 dec",
      "image_url": "https://www.jumbo.com/dam-images/fit-in/360x360/Products/27102025_1761557573842_1761557577495_8712800006350_1.png",
      "source_url": "https://www.jumbo.com/aanbiedingen/campina-kwark-of-yoghurt/3012080"
    },
    {
      "id": "526937PAK",
      "name": "Campina Volle Yoghurt 1 L",
      "brand": "Campina",
      "category": "Zuivel, eieren, boter",
      "unit_size": "1 liter",
      "offer_price": 1.95,
      "normal_price": 1.95,
      "price_per_unit": 1.95,
      "price_unit": "l",
      "discount_tag": "2 voor 3,00",
      "promo_title": "Campina kwark of yoghurt",
      "validity": "wo 3 t/m wo 31 dec",
      "image_url": "https://www.jumbo.com/dam-images/fit-in/360x360/Products/25102025_1761356969848_1761356983335_526937_PAK_08712800001201_H1N1.png",
      "source_url": "https://www.jumbo.com/aanbiedingen/campina-kwark-of-yoghurt/3012080"
    },
    {
      "id": "168787CUP",
      "name": "Campina Magere Milde Kwark met 'n Vleugje Vanille 500 g",
      "brand": "Campina",
      "category": "Zuivel, eieren, boter",
      "unit_size": "500 g",
      "offer_price": 2.09,
      "normal_price": 2.09,
      "price_per_unit": 4.18,
      "price_unit": "kg",
      "discount_tag": "2 voor 3,00",
      "promo_title": "Campina kwark of yoghurt",
      "validity": "wo 3 t/m wo 31 dec",
      "image_url": "https://www.jumbo.com/dam-images/fit-in/360x360/Products/12092024_1726137207251_1726137215387_8712800144540_1.png",
      "source_url": "https://www.jumbo.com/aanbiedingen/campina-kwark-of-yoghurt/3012080"
    },
    {
      "id": "206342STK",
      "name": "Campina Magere Milde Kwark met 'n Vleugje Mango 500 g",
      "brand": "Campina",
      "category": "Zuivel, eieren, boter",
      "unit_size": "500 g",
      "offer_price": 2.19,
      "normal_price": 2.19,
      "price_per_unit": 4.38,
      "price_unit": "kg",
      "discount_tag": "2 voor 3,00",
      "promo_title": "Campina kwark of yoghurt",
      "validity": "wo 3 t/m wo 31 dec",
      "image_url": "https://www.jumbo.com/dam-images/fit-in/360x360/Products/12092024_1726137208147_1726137214698_8712800116264_1.png",
      "source_url": "https://www.jumbo.com/aanbiedingen/campina-kwark-of-yoghurt/3012080"
    },
    {
      "id": "168786CUP",
      "name": "Campina Magere Milde Kwark Naturel 500 g",
      "brand": "Campina",
      "category": "Zuivel, eieren, boter",
      "unit_size": "500 g",
      "offer_price": 1.99,
      "normal_price": 1.99,
      "price_per_unit": 3.98,
      "price_unit": "kg",
      "discount_tag": "2 voor 3,00",
      "promo_title": "Campina kwark of yoghurt",
      "validity": "wo 3 t/m wo 31 dec",
      "image_url": "https://www.jumbo.com/dam-images/fit-in/360x360/Products/12092024_1726137207337_1726137214959_8712800144526_1.png",
      "source_url": "https://www.jumbo.com/aanbiedingen/campina-kwark-of-yoghurt/3012080"
    },
    {
      "id": "499036CUP",
      "name": "Campina Magere Milde Kwark met 'n Vleugje Banaan 500 g",
      "brand": "Campina",
      "category": "Zuivel, eieren, boter",
      "unit_size": "500 g",
      "offer_price": 2.45,
      "normal_price": 2.45,
      "price_per_unit": 4.9,
      "price_unit": "kg",
      "discount_tag": "2 voor 3,00",
      "promo_title": "Campina kwark of yoghurt",
      "validity": "wo 3 t/m wo 31 dec",
      "image_url": "https://www.jumbo.com/dam-images/fit-in/360x360/Products/12092024_1726137208342_1726137215124_8712800187806_1.png",
      "source_url": "https://www.jumbo.com/aanbiedingen/campina-kwark-of-yoghurt/3012080"
    },
    {
      "id": "527059PAK",
      "name": "Campina Zacht en Luchtig Framboos Smaak 1 L",
      "brand": "Campina",
      "category": "Zuivel, eieren, boter",
      "unit_size": "1 liter",
      "offer_price": 2.59,
      "normal_price": 2.59,
      "price_per_unit": 2.59,
      "price_unit": "l",
      "discount_tag": "2 voor 3,50",
      "promo_title": "Campina vla",
      "validity": "wo 3 t/m wo 31 dec",
      "image_url": "https://www.jumbo.com/dam-images/fit-in/360x360/Products/24042025_1745483548620_1745483553328_8712800001546_1.png",
      "source_url": "https://www.jumbo.com/aanbiedingen/campina-vla/3012170"
    },
    {
      "id": "526956PAK",
      "name": "Campina Vlaflip Dubbelvla Chocolade Vanillesmaak met Chocolade-Karamelsmaaksaus 1 L",
      "brand": "Campina",
      "category": "Zuivel, eieren, boter",
      "unit_size": "1 liter",
      "offer_price": 2.69,
      "normal_price": 2.69,
      "price_per_unit": 2.69,
      "price_unit": "l",
      "discount_tag": "2 voor 3,50",
      "promo_title": "Campina vla",
      "validity": "wo 3 t/m wo 31 dec",
      "image_url": "https://www.jumbo.com/dam-images/fit-in/360x360/Products/04102024_1728006657733_1728006668309_526956_PAK_08712800007265_H1N1.png",
      "source_url": "https://www.jumbo.com/aanbiedingen/campina-vla/3012170"
    },
    {
      "id": "527060PAK",
      "name": "Campina Zacht en Luchtig Vanille Smaak 1 L",
      "brand": "Campina",
      "category": "Zuivel, eieren, boter",
      "unit_size": "1 liter",
      "offer_price": 2.59,
      "normal_price": 2.59,
      "price_per_unit": 2.59,
      "price_unit": "l",
      "discount_tag": "2 voor 3,50",
      "promo_title": "Campina vla",
      "validity": "wo 3 t/m wo 31 dec",
      "image_url": "https://www.jumbo.com/dam-images/fit-in/360x360/Products/04102024_1728008272063_1728008284861_527060_PAK_08712800001539_H1N1.png",
      "source_url": "https://www.jumbo.com/aanbiedingen/campina-vla/3012170"
    },
    {
      "id": "97050PAK",
      "name": "Campina Zacht en Luchtig Chocolade Smaak 1 L",
      "brand": "Campina",
      "category": "Zuivel, eieren, boter",
      "unit_size": "1 liter",
      "offer_price": 2.69,
      "normal_price": 2.69,
      "price_per_unit": 2.69,
      "price_unit": "l",
      "discount_tag": "2 voor 3,50",
      "promo_title": "Campina vla",
      "validity": "wo 3 t/m wo 31 dec",
      "image_url": "https://www.jumbo.com/dam-images/fit-in/360x360/Products/04102024_1728007411429_1728007422471_97050_PAK_08712800039488_H1N1.png",
      "source_url": "https://www.jumbo.com/aanbiedingen/campina-vla/3012170"
    },
    {
      "id": "188331PAK",
      "name": "Campina Vlaflip Halfvolle Yoghurt en Frambozenvla met Bosvruchtensaus 1 L",
      "brand": "Campina",
      "category": "Zuivel, eieren, boter",
      "unit_size": "1 liter",
      "offer_price": 2.79,
      "normal_price": 2.79,
      "price_per_unit": 2.79,
      "price_unit": "l",
      "discount_tag": "2 voor 3,50",
      "promo_title": "Campina vla",
      "validity": "wo 3 t/m wo 31 dec",
      "image_url": "https://www.jumbo.com/dam-images/fit-in/360x360/Products/24092024_1727188367399_1727188371101_8712800145165_1.png",
      "source_url": "https://www.jumbo.com/aanbiedingen/campina-vla/3012170"
    },
    {
      "id": "188332PAK",
      "name": "Campina Vlaflip Halfvolle Yoghurt en Vla Vanillesmaak met Rode Vruchtensaus 1 L",
      "brand": "Campina",
      "category": "Zuivel, eieren, boter",
      "unit_size": "1 liter",
      "offer_price": 2.59,
      "normal_price": 2.59,
      "price_per_unit": 2.59,
      "price_unit": "l",
      "discount_tag": "2 voor 3,50",
      "promo_title": "Campina vla",
      "validity": "wo 3 t/m wo 31 dec",
      "image_url": "https://www.jumbo.com/dam-images/fit-in/360x360/Products/25112025_1764042548452_1764042563801_188332_PAK_08712800145158_H1N1.png",
      "source_url": "https://www.jumbo.com/aanbiedingen/campina-vla/3012170"
    },
    {
      "id": "673390PAK",
      "name": "Campina Zacht en Luchtig Chocolade Hazelnootsmaak  Limited Edition 1 L",
      "brand": "Campina",
      "category": "Zuivel, eieren, boter",
      "unit_size": "1 liter",
      "offer_price": 2.59,
      "normal_price": 2.59,
      "price_per_unit": 2.59,
      "price_unit": "l",
      "discount_tag": "2 voor 3,50",
      "promo_title": "Campina vla",
      "validity": "wo 3 t/m wo 31 dec",
      "image_url": "https://www.jumbo.com/dam-images/fit-in/360x360/Products/11092025_1757554738025_1757554750576_673390_PAK_08712800001386_H1N1.png",
      "source_url": "https://www.jumbo.com/aanbiedingen/campina-vla/3012170"
    },
    {
      "id": "527058PAK",
      "name": "Campina Zacht en Luchtig Banaan Smaak 1 L",
      "brand": "Campina",
      "category": "Zuivel, eieren, boter",
      "unit_size": "1 liter",
      "offer_price": 2.59,
      "normal_price": 2.59,
      "price_per_unit": 2.59,
      "price_unit": "l",
      "discount_tag": "2 voor 3,50",
      "promo_title": "Campina vla",
      "validity": "wo 3 t/m wo 31 dec",
      "image_url": "https://www.jumbo.com/dam-images/fit-in/360x360/Products/08102024_1728352715694_1728352728572_527058_PAK_08712800007654_H1N1.png",
      "source_url": "https://www.jumbo.com/aanbiedingen/campina-vla/3012170"
    },
    {
      "id": "481085BKR",
      "name": "Almhof Roomyoghurt Walnoot Griekse Honing 500 g",
      "brand": "Almhof",
      "category": "Zuivel, eieren, boter",
      "unit_size": "500 g",
      "offer_price": 2.59,
      "normal_price": 2.59,
      "price_per_unit": 5.18,
      "price_unit": "kg",
      "discount_tag": "2 voor 3,00",
      "promo_title": "Almhof yoghurt",
      "validity": "wo 3 t/m wo 31 dec",
      "image_url": "https://www.jumbo.com/dam-images/fit-in/360x360/Products/19112025_1763558607151_1763558628822_481085_BKR_04025500125776_H1N1.png",
      "source_url": "https://www.jumbo.com/aanbiedingen/almhof-yoghurt/3012169"
    },
    {
      "id": "291689BKR",
      "name": "Almhof roomyoghurt mango special edition 500 g",
      "brand": "Almhof",
      "category": "Zuivel, eieren, boter",
      "unit_size": "500 g",
      "offer_price": 2.59,
      "normal_price": 2.59,
      "price_per_unit": 5.18,
      "price_unit": "kg",
      "discount_tag": "2 voor 3,00",
      "promo_title": "Almhof yoghurt",
      "validity": "wo 3 t/m wo 31 dec",
      "image_url": "https://www.jumbo.com/dam-images/fit-in/360x360/Products/10102025_1760058197262_1760058213222_291689_BKR_.png",
      "source_url": "https://www.jumbo.com/aanbiedingen/almhof-yoghurt/3012169"
    },
    {
      "id": "31741BAK",
      "name": "Almhof Halfvolle Fruityoghurt Perzik 500 g",
      "brand": "Almhof",
      "category": "Zuivel, eieren, boter",
      "unit_size": "500 g",
      "offer_price": 2.49,
      "normal_price": 2.49,
      "price_per_unit": 4.98,
      "price_unit": "kg",
      "discount_tag": "2 voor 3,00",
      "promo_title": "Almhof yoghurt",
      "validity": "wo 3 t/m wo 31 dec",
      "image_url": "https://www.jumbo.com/dam-images/fit-in/360x360/Products/11102025_1760147221171_1760147237355_31741_BAK_.png",
      "source_url": "https://www.jumbo.com/aanbiedingen/almhof-yoghurt/3012169"
    },
    {
      "id": "11255BKR",
      "name": "Almhof Roomyoghurt Stracciatella 500 g",
      "brand": "Almhof",
      "category": "Zuivel, eieren, boter",
      "unit_size": "500 g",
      "offer_price": 2.59,
      "normal_price": 2.59,
      "price_per_unit": 5.18,
      "price_unit": "kg",
      "discount_tag": "2 voor 3,00",
      "promo_title": "Almhof yoghurt",
      "validity": "wo 3 t/m wo 31 dec",
      "image_url": "https://www.jumbo.com/dam-images/fit-in/360x360/Products/19112025_1763550055203_1763550062661_11255_BKR_.png",
      "source_url": "https://www.jumbo.com/aanbiedingen/almhof-yoghurt/3012169"
    },
    {
      "id": "571377BKR",
      "name": "Almhof 0% vet yoghurt aardbei",
      "brand": "Almhof",
      "category": "Zuivel, eieren, boter",
      "unit_size": "500 g",
      "offer_price": 2.19,
      "normal_price": 2.19,
      "price_per_unit": 4.38,
      "price_unit": "kg",
      "discount_tag": "2 voor 3,00",
      "promo_title": "Almhof yoghurt",
      "validity": "wo 3 t/m wo 31 dec",
      "image_url": "https://www.jumbo.com/dam-images/fit-in/360x360/Products/10102025_1760061700961_1760061708204_571377_BKR_04025500114114_C1N1.png",
      "source_url": "https://www.jumbo.com/aanbiedingen/almhof-yoghurt/3012169"
    },
    {
      "id": "511649CUP",
      "name": "Almhof Halfvolle Fruit Yoghurt Kers 1,3% Vet 500 g",
      "brand": "Almhof",
      "category": "Zuivel, eieren, boter",
      "unit_size": "500 g",
      "offer_price": 2.19,
      "normal_price": 2.19,
      "price_per_unit": 4.38,
      "price_unit": "kg",
      "discount_tag": "2 voor 3,00",
      "promo_title": "Almhof yoghurt",
      "validity": "wo 3 t/m wo 31 dec",
      "image_url": "https://www.jumbo.com/dam-images/fit-in/360x360/Products/19112025_1763556244695_1763556251752_511649_CUP_.png",
      "source_url": "https://www.jumbo.com/aanbiedingen/almhof-yoghurt/3012169"
    },
    {
      "id": "666599BKR",
      "name": "Almhof Halfvolle Fruityoghurt Aardbei 500 g",
      "brand": "Almhof",
      "category": "Zuivel, eieren, boter",
      "unit_size": "500 g",
      "offer_price": 2.19,
      "normal_price": 2.19,
      "price_per_unit": 4.38,
      "price_unit": "kg",
      "discount_tag": "2 voor 3,00",
      "promo_title": "Almhof yoghurt",
      "validity": "wo 3 t/m wo 31 dec",
      "image_url": "https://www.jumbo.com/dam-images/fit-in/360x360/Products/19112025_1763564729270_1763564746032_666599_BKR_08710477302409_H1N1.png",
      "source_url": "https://www.jumbo.com/aanbiedingen/almhof-yoghurt/3012169"
    },
    {
      "id": "608276CUP",
      "name": "Almhof roomyoghurt framboos granaatappel special edition 500 g",
      "brand": "Almhof",
      "category": "Zuivel, eieren, boter",
      "unit_size": "500 g",
      "offer_price": 2.59,
      "normal_price": 2.59,
      "price_per_unit": 5.18,
      "price_unit": "kg",
      "discount_tag": "2 voor 3,00",
      "promo_title": "Almhof yoghurt",
      "validity": "wo 3 t/m wo 31 dec",
      "image_url": "https://www.jumbo.com/dam-images/fit-in/360x360/Products/10102025_1760062112271_1760062127431_608276_CUP_.png",
      "source_url": "https://www.jumbo.com/aanbiedingen/almhof-yoghurt/3012169"
    },
    {
      "id": "567345BKR",
      "name": "Almhof Roomyoghurt Spaanse Sinaasappel 500 g",
      "brand": "Almhof",
      "category": "Zuivel, eieren, boter",
      "unit_size": "500 g",
      "offer_price": 2.59,
      "normal_price": 2.59,
      "price_per_unit": 5.18,
      "price_unit": "kg",
      "discount_tag": "2 voor 3,00",
      "promo_title": "Almhof yoghurt",
      "validity": "wo 3 t/m wo 31 dec",
      "image_url": "https://www.jumbo.com/dam-images/fit-in/360x360/Products/10102025_1760062159720_1760062178251_567345_BKR_04025500114176_H1N1.png",
      "source_url": "https://www.jumbo.com/aanbiedingen/almhof-yoghurt/3012169"
    },
    {
      "id": "574414BKR",
      "name": "Almhof 0% Vet Yoghurt Perzik Maracuja 500 g",
      "brand": "Almhof",
      "category": "Zuivel, eieren, boter",
      "unit_size": "500 g",
      "offer_price": 1.99,
      "normal_price": 1.99,
      "price_per_unit": 3.98,
      "price_unit": "kg",
      "discount_tag": "2 voor 3,00",
      "promo_title": "Almhof yoghurt",
      "validity": "wo 3 t/m wo 31 dec",
      "image_url": "https://www.jumbo.com/dam-images/fit-in/360x360/Products/10102025_1760061933218_1760061952851_574414_BKR_04025500114152_H1N1.png",
      "source_url": "https://www.jumbo.com/aanbiedingen/almhof-yoghurt/3012169"
    },
    {
      "id": "327921BKR",
      "name": "Almhof Roomyoghurt Aardbei 500 g",
      "brand": "Almhof",
      "category": "Zuivel, eieren, boter",
      "unit_size": "500 g",
      "offer_price": 2.59,
      "normal_price": 2.59,
      "price_per_unit": 5.18,
      "price_unit": "kg",
      "discount_tag": "2 voor 3,00",
      "promo_title": "Almhof yoghurt",
      "validity": "wo 3 t/m wo 31 dec",
      "image_url": "https://www.jumbo.com/dam-images/fit-in/360x360/Products/10102025_1760058690847_1760058712008_327921_BKR_08710477300825_H1N1.png",
      "source_url": "https://www.jumbo.com/aanbiedingen/almhof-yoghurt/3012169"
    },
    {
      "id": "327956BKR",
      "name": "Almhof Roomyoghurt Perzik Maracuja 500 g",
      "brand": "Almhof",
      "category": "Zuivel, eieren, boter",
      "unit_size": "500 g",
      "offer_price": 2.59,
      "normal_price": 2.59,
      "price_per_unit": 5.18,
      "price_unit": "kg",
      "discount_tag": "2 voor 3,00",
      "promo_title": "Almhof yoghurt",
      "validity": "wo 3 t/m wo 31 dec",
      "image_url": "https://www.jumbo.com/dam-images/fit-in/360x360/Products/19112025_1763524237159_1763524259675_327956_BKR_08710477300849_H1N1.png",
      "source_url": "https://www.jumbo.com/aanbiedingen/almhof-yoghurt/3012169"
    },
    {
      "id": "75728PAK",
      "name": "Chocomel Halfvol 1 L",
      "brand": "Chocomel",
      "category": "Zuivel, eieren, boter",
      "unit_size": "1 LITER",
      "offer_price": 2.69,
      "normal_price": 2.69,
      "price_per_unit": 2.69,
      "price_unit": "l",
      "discount_tag": "2 voor 3,00",
      "promo_title": "Chocomel of Fristi",
      "validity": "wo 3 t/m wo 31 dec",
      "image_url": "https://www.jumbo.com/dam-images/fit-in/360x360/Products/25102025_1761354018116_1761354026786_75728_PAK_08712800188339_H1N1.png",
      "source_url": "https://www.jumbo.com/aanbiedingen/chocomel-of-fristi/3012129"
    },
    {
      "id": "527281PAK",
      "name": "Chocomel De enige echte koud 1 L",
      "brand": "Chocomel",
      "category": "Zuivel, eieren, boter",
      "unit_size": null,
      "offer_price": 2.69,
      "normal_price": 2.69,
      "price_per_unit": 2.69,
      "price_unit": "l",
      "discount_tag": "2 voor 3,00",
      "promo_title": "Chocomel of Fristi",
      "validity": "wo 3 t/m wo 31 dec",
      "image_url": "https://www.jumbo.com/dam-images/fit-in/360x360/Products/09042025_1744167799027_1744167806938_527281_PAK_08712800196242_C1N1.png",
      "source_url": "https://www.jumbo.com/aanbiedingen/chocomel-of-fristi/3012129"
    },
    {
      "id": "75729PAK",
      "name": "Chocomel Vol 1 L",
      "brand": "Chocomel",
      "category": "Zuivel, eieren, boter",
      "unit_size": "1 LITER",
      "offer_price": 2.69,
      "normal_price": 2.69,
      "price_per_unit": 2.69,
      "price_unit": "l",
      "discount_tag": "2 voor 3,00",
      "promo_title": "Chocomel of Fristi",
      "validity": "wo 3 t/m wo 31 dec",
      "image_url": "https://www.jumbo.com/dam-images/fit-in/360x360/Products/25102025_1761354597239_1761354604234_75729_PAK_08712800188322_H1N1.png",
      "source_url": "https://www.jumbo.com/aanbiedingen/chocomel-of-fristi/3012129"
    },
    {
      "id": "75727PAK",
      "name": "Chocomel Dark 1 L",
      "brand": "Chocomel",
      "category": "Zuivel, eieren, boter",
      "unit_size": "1 LITER",
      "offer_price": 2.69,
      "normal_price": 2.69,
      "price_per_unit": 2.69,
      "price_unit": "l",
      "discount_tag": "2 voor 3,00",
      "promo_title": "Chocomel of Fristi",
      "validity": "wo 3 t/m wo 31 dec",
      "image_url": "https://www.jumbo.com/dam-images/fit-in/360x360/Products/01072025_1751365986959_1751365991141_8712800188346_1.png",
      "source_url": "https://www.jumbo.com/aanbiedingen/chocomel-of-fristi/3012129"
    },
    {
      "id": "203654PAK",
      "name": "Chocomel 0% Suiker Toegevoegd 1 L",
      "brand": "Chocomel",
      "category": "Zuivel, eieren, boter",
      "unit_size": "1 LITER",
      "offer_price": 2.69,
      "normal_price": 2.69,
      "price_per_unit": 2.69,
      "price_unit": "l",
      "discount_tag": "2 voor 3,00",
      "promo_title": "Chocomel of Fristi",
      "validity": "wo 3 t/m wo 31 dec",
      "image_url": "https://www.jumbo.com/dam-images/fit-in/360x360/Products/25112025_1764063541176_1764063549720_203654_PAK_08712800002123_H1N1.png",
      "source_url": "https://www.jumbo.com/aanbiedingen/chocomel-of-fristi/3012129"
    },
    {
      "id": "75725PAK",
      "name": "Fristi Rood Fruit 1 L",
      "brand": "Fristi",
      "category": "Zuivel, eieren, boter",
      "unit_size": "1 L",
      "offer_price": 2.19,
      "normal_price": 2.19,
      "price_per_unit": 2.19,
      "price_unit": "l",
      "discount_tag": "2 voor 3,00",
      "promo_title": "Chocomel of Fristi",
      "validity": "wo 3 t/m wo 31 dec",
      "image_url": "https://www.jumbo.com/dam-images/fit-in/360x360/Products/01072025_1751355228581_1751355244031_5410438040731_1.png",
      "source_url": "https://www.jumbo.com/aanbiedingen/chocomel-of-fristi/3012129"
    },
    {
      "id": "450683PAK",
      "name": "Chocomel Lactosevrij 1 L",
      "brand": "Chocomel",
      "category": "Zuivel, eieren, boter",
      "unit_size": "1 LITER",
      "offer_price": 2.69,
      "normal_price": 2.69,
      "price_per_unit": 2.69,
      "price_unit": "l",
      "discount_tag": "2 voor 3,00",
      "promo_title": "Chocomel of Fristi",
      "validity": "wo 3 t/m wo 31 dec",
      "image_url": "https://www.jumbo.com/dam-images/fit-in/360x360/Products/25112025_1764054654125_1764054658654_450683_PAK_08712800132448_H1N1.png",
      "source_url": "https://www.jumbo.com/aanbiedingen/chocomel-of-fristi/3012129"
    },
    {
      "id": "523885PAK",
      "name": "Chocomel Plantaardig 1 L",
      "brand": "Chocomel",
      "category": "Zuivel, eieren, boter",
      "unit_size": "1 LITER",
      "offer_price": 2.99,
      "normal_price": 2.99,
      "price_per_unit": 2.99,
      "price_unit": "l",
      "discount_tag": "2 voor 3,00",
      "promo_title": "Chocomel of Fristi",
      "validity": "wo 3 t/m wo 31 dec",
      "image_url": "https://www.jumbo.com/dam-images/fit-in/360x360/Products/25112025_1764045899442_1764045908733_523885_PAK_08712800000549_H1N1.png",
      "source_url": "https://www.jumbo.com/aanbiedingen/chocomel-of-fristi/3012129"
    },
    {
      "id": "75724PAK",
      "name": "Fristi Rood Fruit 0% Suiker Toegevoegd 1 L",
      "brand": "Fristi",
      "category": "Zuivel, eieren, boter",
      "unit_size": "1 L",
      "offer_price": 2.19,
      "normal_price": 2.19,
      "price_per_unit": 2.19,
      "price_unit": "l",
      "discount_tag": "2 voor 3,00",
      "promo_title": "Chocomel of Fristi",
      "validity": "wo 3 t/m wo 31 dec",
      "image_url": "https://www.jumbo.com/dam-images/fit-in/360x360/Products/01072025_1751358767367_1751358771301_5410438040779_1.png",
      "source_url": "https://www.jumbo.com/aanbiedingen/chocomel-of-fristi/3012129"
    },
    {
      "id": "708581ZK",
      "name": "Bonduelle Lunch Bowl Mexican Style - Basmati rijst en rode kidneybonen met gekruide groenten 250g",
      "brand": "Bonduelle",
      "category": "Wereldkeukens, kruiden, pasta en rijst",
      "unit_size": null,
      "offer_price": 2.69,
      "normal_price": 3.59,
      "price_per_unit": 10.76,
      "price_unit": "kg",
      "discount_tag": "25% korting",
      "promo_title": "Bonduelle lunchbowls",
      "validity": "wo 17 t/m wo 31 dec",
      "image_url": "https://www.jumbo.com/dam-images/fit-in/360x360/Products/07072025_1751890214013_1751890232580_708581_ZK_03083681180572_H1N1.png",
      "source_url": "https://www.jumbo.com/aanbiedingen/bonduelle-lunchbowls/3012469"
    },
    {
      "id": "708580ZK",
      "name": "Bonduelle Lunch Bowl Oriental Style - Couscous en zwarte kikkererwten met gekruide groenten 250g",
      "brand": "Bonduelle",
      "category": "Wereldkeukens, kruiden, pasta en rijst",
      "unit_size": null,
      "offer_price": 2.69,
      "normal_price": 3.59,
      "price_per_unit": 10.76,
      "price_unit": "kg",
      "discount_tag": "25% korting",
      "promo_title": "Bonduelle lunchbowls",
      "validity": "wo 17 t/m wo 31 dec",
      "image_url": "https://www.jumbo.com/dam-images/fit-in/360x360/Products/07072025_1751890139942_1751890159355_708580_ZK_03083681180602_H1N1.png",
      "source_url": "https://www.jumbo.com/aanbiedingen/bonduelle-lunchbowls/3012469"
    },
    {
      "id": "65703BAK",
      "name": "Mona Vanillesmaak Pudding met Aardbeiensaus",
      "brand": "Mona",
      "category": "Zuivel, eieren, boter",
      "unit_size": "491 g",
      "offer_price": 2.49,
      "normal_price": 2.49,
      "price_per_unit": 5.53,
      "price_unit": "l",
      "discount_tag": "2 voor 3,00",
      "promo_title": "Mona pudding",
      "validity": "wo 3 t/m wo 31 dec",
      "image_url": "https://www.jumbo.com/dam-images/fit-in/360x360/Products/03092024_1725363316979_1725363323230_8712800025597_1.png",
      "source_url": "https://www.jumbo.com/aanbiedingen/mona-pudding/3012186"
    },
    {
      "id": "892599BAK",
      "name": "Mona Dame Blanche Pudding met Chocoladesaus",
      "brand": "Mona",
      "category": "Zuivel, eieren, boter",
      "unit_size": "450 ml",
      "offer_price": 2.49,
      "normal_price": 2.49,
      "price_per_unit": 5.53,
      "price_unit": "l",
      "discount_tag": "2 voor 3,00",
      "promo_title": "Mona pudding",
      "validity": "wo 3 t/m wo 31 dec",
      "image_url": "https://www.jumbo.com/dam-images/fit-in/360x360/Products/03092024_1725370457311_1725370461882_8712800017981_1.png",
      "source_url": "https://www.jumbo.com/aanbiedingen/mona-pudding/3012186"
    },
    {
      "id": "603163BAK",
      "name": "Mona Pudding Griesmeel met Saus",
      "brand": "Mona",
      "category": "Zuivel, eieren, boter",
      "unit_size": "493 g",
      "offer_price": 2.49,
      "normal_price": 2.49,
      "price_per_unit": 5.53,
      "price_unit": "kg",
      "discount_tag": "2 voor 3,00",
      "promo_title": "Mona pudding",
      "validity": "wo 3 t/m wo 31 dec",
      "image_url": "https://www.jumbo.com/dam-images/fit-in/360x360/Products/12122024_1734014861306_1734014867849_87128246_1.png",
      "source_url": "https://www.jumbo.com/aanbiedingen/mona-pudding/3012186"
    },
    {
      "id": "304263BAK",
      "name": "Mona Chipolata Pudding met Stukjes Tropisch Fruit",
      "brand": "Mona",
      "category": "Zuivel, eieren, boter",
      "unit_size": "450 ml",
      "offer_price": 2.59,
      "normal_price": 2.59,
      "price_per_unit": 5.76,
      "price_unit": "l",
      "discount_tag": "2 voor 3,00",
      "promo_title": "Mona pudding",
      "validity": "wo 3 t/m wo 31 dec",
      "image_url": "https://www.jumbo.com/dam-images/fit-in/360x360/Products/12122024_1734014859977_1734014864341_87128529_1.png",
      "source_url": "https://www.jumbo.com/aanbiedingen/mona-pudding/3012186"
    },
    {
      "id": "121010BAK",
      "name": "Mona Toetje van de Maand ",
      "brand": "Mona",
      "category": "Zuivel, eieren, boter",
      "unit_size": "292 g",
      "offer_price": 2.59,
      "normal_price": 2.59,
      "price_per_unit": 5.76,
      "price_unit": "l",
      "discount_tag": "2 voor 3,00",
      "promo_title": "Mona pudding",
      "validity": "wo 3 t/m wo 31 dec",
      "image_url": "https://www.jumbo.com/dam-images/fit-in/360x360/Products/87257502T1431dc24517-9c91-4979-8f9f-58218bcd04ac-1766390474518.png",
      "source_url": "https://www.jumbo.com/aanbiedingen/mona-pudding/3012186"
    },
    {
      "id": "308005BLK",
      "name": "Mona Frambozen",
      "brand": "Mona",
      "category": "Zuivel, eieren, boter",
      "unit_size": "450 ml",
      "offer_price": 2.79,
      "normal_price": 2.79,
      "price_per_unit": 6.2,
      "price_unit": "l",
      "discount_tag": "2 voor 3,00",
      "promo_title": "Mona pudding",
      "validity": "wo 3 t/m wo 31 dec",
      "image_url": "https://www.jumbo.com/dam-images/fit-in/360x360/Products/12122024_1734014860043_1734014864030_87128253_1.png",
      "source_url": "https://www.jumbo.com/aanbiedingen/mona-pudding/3012186"
    },
    {
      "id": "621141DSL",
      "name": "Quaker Cruesli Luchtig Voordeelverpakking 4 x 775 gr",
      "brand": "Quaker",
      "category": "Ontbijt, broodbeleg en bakproducten",
      "unit_size": null,
      "offer_price": 20.91,
      "normal_price": 23.24,
      "price_per_unit": 6.75,
      "price_unit": "kg",
      "discount_tag": "10% korting",
      "promo_title": "Quaker Cruesli",
      "validity": "wo 3 t/m wo 31 dec",
      "image_url": "https://www.jumbo.com/dam-images/fit-in/360x360/Products/621141DSL19c602edd-ca89-46e2-9bd1-9ab31470e693-1717402804262.png",
      "source_url": "https://www.jumbo.com/aanbiedingen/quaker-cruesli/3012218"
    },
    {
      "id": "621140DSL",
      "name": "Quaker Cruesli Chocolade Ontbijtgranen Voordeelverpakking 4 x 900 gr",
      "brand": "Quaker",
      "category": "Ontbijt, broodbeleg en bakproducten",
      "unit_size": null,
      "offer_price": 21.56,
      "normal_price": 23.96,
      "price_per_unit": 5.99,
      "price_unit": "kg",
      "discount_tag": "10% korting",
      "promo_title": "Quaker Cruesli",
      "validity": "wo 3 t/m wo 31 dec",
      "image_url": "https://www.jumbo.com/dam-images/fit-in/360x360/Products/621140DSL189012db8-a29d-49cd-8ffe-6f95859b50ae-1717402804088.png",
      "source_url": "https://www.jumbo.com/aanbiedingen/quaker-cruesli/3012218"
    },
    {
      "id": "621142DSL",
      "name": "Quaker Cruesli Rozijn & Hazelnoot Voordeelverpakking 4 x 900 gr",
      "brand": "Quaker",
      "category": "Ontbijt, broodbeleg en bakproducten",
      "unit_size": null,
      "offer_price": 21.56,
      "normal_price": 23.96,
      "price_per_unit": 6.66,
      "price_unit": "kg",
      "discount_tag": "10% korting",
      "promo_title": "Quaker Cruesli",
      "validity": "wo 3 t/m wo 31 dec",
      "image_url": "https://www.jumbo.com/dam-images/fit-in/360x360/Products/621142DSL1e23ba9d3-5cf6-4e98-9ff0-ff6b4db4de07-1717402805122.png",
      "source_url": "https://www.jumbo.com/aanbiedingen/quaker-cruesli/3012218"
    },
    {
      "id": "621119DSL",
      "name": "Quaker Cruesli 4 Noten Voordeelverpakking 4 x 850 gr",
      "brand": "Quaker",
      "category": "Ontbijt, broodbeleg en bakproducten",
      "unit_size": null,
      "offer_price": 20.91,
      "normal_price": 23.24,
      "price_per_unit": 6.15,
      "price_unit": "kg",
      "discount_tag": "10% korting",
      "promo_title": "Quaker Cruesli",
      "validity": "wo 3 t/m wo 31 dec",
      "image_url": "https://www.jumbo.com/dam-images/fit-in/360x360/Products/621119DSL113d92c52-ee21-4858-af3d-721432bebc71-1717402804965.png",
      "source_url": "https://www.jumbo.com/aanbiedingen/quaker-cruesli/3012218"
    },
    {
      "id": "621143DSL",
      "name": "Quaker Cruesli Cookies & Cream Voordeelverpakking 4 x 850 gr",
      "brand": "Quaker",
      "category": "Ontbijt, broodbeleg en bakproducten",
      "unit_size": null,
      "offer_price": 21.34,
      "normal_price": 23.72,
      "price_per_unit": 6.28,
      "price_unit": "kg",
      "discount_tag": "10% korting",
      "promo_title": "Quaker Cruesli",
      "validity": "wo 3 t/m wo 31 dec",
      "image_url": "https://www.jumbo.com/dam-images/fit-in/360x360/Products/621143DSL1cb286bae-45ad-426b-af84-006733a93336-1717402804186.png",
      "source_url": "https://www.jumbo.com/aanbiedingen/quaker-cruesli/3012218"
    },
    {
      "id": "201419STK",
      "name": "Duyvis Borrelnootjes Provencale Pinda Noten 125 g",
      "brand": "Duyvis",
      "category": "Koek, snoep, chocolade en chips",
      "unit_size": "125 Gram",
      "offer_price": 1.0,
      "normal_price": 1.79,
      "price_per_unit": 8.0,
      "price_unit": "kg",
      "discount_tag": "voor 1,00",
      "promo_title": "Duyvis Borrelnootjes",
      "validity": "wo 17 t/m vr 26 dec",
      "image_url": "https://www.jumbo.com/dam-images/fit-in/360x360/Products/10102025_1760059718032_1760059737056_201419_STK_08710398510822_C1N1.png",
      "source_url": "https://www.jumbo.com/aanbiedingen/duyvis-borrelnootjes/3012586"
    },
    {
      "id": "201430STK",
      "name": "Duyvis Borrelnootjes Cocktail Pinda Noten 125 g",
      "brand": "Duyvis",
      "category": "Koek, snoep, chocolade en chips",
      "unit_size": "125 Gram",
      "offer_price": 1.0,
      "normal_price": 1.79,
      "price_per_unit": 8.0,
      "price_unit": "kg",
      "discount_tag": "voor 1,00",
      "promo_title": "Duyvis Borrelnootjes",
      "validity": "wo 17 t/m vr 26 dec",
      "image_url": "https://www.jumbo.com/dam-images/fit-in/360x360/Products/10102025_1760060409235_1760060428367_201430_STK_08710398510846_C1N1.png",
      "source_url": "https://www.jumbo.com/aanbiedingen/duyvis-borrelnootjes/3012586"
    },
    {
      "id": "515716ZK",
      "name": "Cheetos Chipito Kaas Chips 170 gr",
      "brand": "Cheetos",
      "category": "Koek, snoep, chocolade en chips",
      "unit_size": "170 Gram",
      "offer_price": 2.69,
      "normal_price": 2.69,
      "price_per_unit": 15.82,
      "price_unit": "kg",
      "discount_tag": "2 voor 4,00",
      "promo_title": "Lay's, Cheetos of snackboxen",
      "validity": "wo 3 t/m wo 31 dec",
      "image_url": "https://www.jumbo.com/dam-images/fit-in/360x360/Products/05122025_1764948765315_1764948770007_8710398510648_1.png",
      "source_url": "https://www.jumbo.com/aanbiedingen/lays-cheetos-of-snackboxen/3012030"
    },
    {
      "id": "687717ZK",
      "name": "Lay's Naturel Chips 300 gr",
      "brand": "Lay's",
      "category": "Koek, snoep, chocolade en chips",
      "unit_size": "300 Grram",
      "offer_price": 2.59,
      "normal_price": 2.59,
      "price_per_unit": 8.63,
      "price_unit": "kg",
      "discount_tag": "2 voor 4,00",
      "promo_title": "Lay's, Cheetos of snackboxen",
      "validity": "wo 3 t/m wo 31 dec",
      "image_url": "https://www.jumbo.com/dam-images/fit-in/360x360/Products/29052025_1748514826883_1748514831550_8710398532268_1.png",
      "source_url": "https://www.jumbo.com/aanbiedingen/lays-cheetos-of-snackboxen/3012030"
    },
    {
      "id": "687718ZK",
      "name": "Lay's Barbecue Chips 300 gr",
      "brand": "Lay's",
      "category": "Koek, snoep, chocolade en chips",
      "unit_size": "300 Gram",
      "offer_price": 2.89,
      "normal_price": 2.89,
      "price_per_unit": 9.63,
      "price_unit": "kg",
      "discount_tag": "2 voor 4,00",
      "promo_title": "Lay's, Cheetos of snackboxen",
      "validity": "wo 3 t/m wo 31 dec",
      "image_url": "https://www.jumbo.com/dam-images/fit-in/360x360/Products/24062025_1750727815319_1750727823615_687718_ZK_08710398532251_C1N1.png",
      "source_url": "https://www.jumbo.com/aanbiedingen/lays-cheetos-of-snackboxen/3012030"
    },
    {
      "id": "711677STK",
      "name": "Lay's Max Ribbel Chips Paprika Snackbox 125g",
      "brand": "Lay's",
      "category": "Koek, snoep, chocolade en chips",
      "unit_size": "125 Gram",
      "offer_price": 2.39,
      "normal_price": 2.39,
      "price_per_unit": 19.12,
      "price_unit": "kg",
      "discount_tag": "2 voor 4,00",
      "promo_title": "Lay's, Cheetos of snackboxen",
      "validity": "wo 3 t/m wo 31 dec",
      "image_url": "https://www.jumbo.com/dam-images/fit-in/360x360/Products/29072025_1753813971696_1753813975866_8710398531728_1.png",
      "source_url": "https://www.jumbo.com/aanbiedingen/lays-cheetos-of-snackboxen/3012030"
    },
    {
      "id": "687701ZK",
      "name": "Lay's Cheese Onion Chips 300 gr",
      "brand": "Lay's",
      "category": "Koek, snoep, chocolade en chips",
      "unit_size": "300 Gram",
      "offer_price": 2.59,
      "normal_price": 2.59,
      "price_per_unit": 8.63,
      "price_unit": "kg",
      "discount_tag": "2 voor 4,00",
      "promo_title": "Lay's, Cheetos of snackboxen",
      "validity": "wo 3 t/m wo 31 dec",
      "image_url": "https://www.jumbo.com/dam-images/fit-in/360x360/Products/05062025_1749141166354_1749141175558_8710398532206_1.png",
      "source_url": "https://www.jumbo.com/aanbiedingen/lays-cheetos-of-snackboxen/3012030"
    },
    {
      "id": "711676STK",
      "name": "Doritos Nacho Cheese Tortilla Chips Snackbox 140g",
      "brand": "Doritos",
      "category": "Koek, snoep, chocolade en chips",
      "unit_size": "140 Gram",
      "offer_price": 2.59,
      "normal_price": 2.59,
      "price_per_unit": 18.5,
      "price_unit": "kg",
      "discount_tag": "2 voor 4,00",
      "promo_title": "Lay's, Cheetos of snackboxen",
      "validity": "wo 3 t/m wo 31 dec",
      "image_url": "https://www.jumbo.com/dam-images/fit-in/360x360/Products/29072025_1753813971596_1753813976456_8710398531636_1.png",
      "source_url": "https://www.jumbo.com/aanbiedingen/lays-cheetos-of-snackboxen/3012030"
    },
    {
      "id": "579345ZK",
      "name": "Lay's Hamka's Chips 170 g",
      "brand": "Lay's",
      "category": "Koek, snoep, chocolade en chips",
      "unit_size": "170 Gram",
      "offer_price": 2.49,
      "normal_price": 2.49,
      "price_per_unit": 14.65,
      "price_unit": "kg",
      "discount_tag": "2 voor 4,00",
      "promo_title": "Lay's, Cheetos of snackboxen",
      "validity": "wo 3 t/m wo 31 dec",
      "image_url": "https://www.jumbo.com/dam-images/fit-in/360x360/Products/29102025_1761706067397_1761706072495_579345_ZK_08710398512536_H1N1.png",
      "source_url": "https://www.jumbo.com/aanbiedingen/lays-cheetos-of-snackboxen/3012030"
    },
    {
      "id": "711678STK",
      "name": "Lay's Bugles Nacho Cheese Chips Snackbox 135g",
      "brand": "Lay's",
      "category": "Koek, snoep, chocolade en chips",
      "unit_size": "135 Gram",
      "offer_price": 2.79,
      "normal_price": 2.79,
      "price_per_unit": 20.67,
      "price_unit": "kg",
      "discount_tag": "2 voor 4,00",
      "promo_title": "Lay's, Cheetos of snackboxen",
      "validity": "wo 3 t/m wo 31 dec",
      "image_url": "https://www.jumbo.com/dam-images/fit-in/360x360/Products/29072025_1753813971708_1753813976590_8710398531698_1.png",
      "source_url": "https://www.jumbo.com/aanbiedingen/lays-cheetos-of-snackboxen/3012030"
    },
    {
      "id": "580323ZK",
      "name": "Cheetos Nibb-it Sticks Naturel Chips 150 gr",
      "brand": "Cheetos",
      "category": "Koek, snoep, chocolade en chips",
      "unit_size": "150 Gram",
      "offer_price": 2.79,
      "normal_price": 2.79,
      "price_per_unit": 18.6,
      "price_unit": "kg",
      "discount_tag": "2 voor 4,00",
      "promo_title": "Lay's, Cheetos of snackboxen",
      "validity": "wo 3 t/m wo 31 dec",
      "image_url": "https://www.jumbo.com/dam-images/fit-in/360x360/Products/14052025_1747225993440_1747225999420_8710398510662_1.png",
      "source_url": "https://www.jumbo.com/aanbiedingen/lays-cheetos-of-snackboxen/3012030"
    },
    {
      "id": "196234STK",
      "name": "Cheetos Nibb-It Rings Naturel Chips 150 gr",
      "brand": "Cheetos",
      "category": "Koek, snoep, chocolade en chips",
      "unit_size": "150 Gram",
      "offer_price": 2.79,
      "normal_price": 2.79,
      "price_per_unit": 18.6,
      "price_unit": "kg",
      "discount_tag": "2 voor 4,00",
      "promo_title": "Lay's, Cheetos of snackboxen",
      "validity": "wo 3 t/m wo 31 dec",
      "image_url": "https://www.jumbo.com/dam-images/fit-in/360x360/Products/19082025_1755566319143_1755566323568_196234_STK_08710398510686_H1N1.png",
      "source_url": "https://www.jumbo.com/aanbiedingen/lays-cheetos-of-snackboxen/3012030"
    },
    {
      "id": "687668ZK",
      "name": "Lay's Paprika Chips 300 gr",
      "brand": "Lay's",
      "category": "Koek, snoep, chocolade en chips",
      "unit_size": "300 Gram",
      "offer_price": 2.59,
      "normal_price": 2.59,
      "price_per_unit": 8.63,
      "price_unit": "kg",
      "discount_tag": "2 voor 4,00",
      "promo_title": "Lay's, Cheetos of snackboxen",
      "validity": "wo 3 t/m wo 31 dec",
      "image_url": "https://www.jumbo.com/dam-images/fit-in/360x360/Products/06062025_1749220368355_1749220373514_8710398532244_1.png",
      "source_url": "https://www.jumbo.com/aanbiedingen/lays-cheetos-of-snackboxen/3012030"
    },
    {
      "id": "687751ZK",
      "name": "Lay's Patatje Joppie Chips 300 gr",
      "brand": "Lay's",
      "category": "Koek, snoep, chocolade en chips",
      "unit_size": "300 Gram",
      "offer_price": 2.89,
      "normal_price": 2.89,
      "price_per_unit": 9.63,
      "price_unit": "kg",
      "discount_tag": "2 voor 4,00",
      "promo_title": "Lay's, Cheetos of snackboxen",
      "validity": "wo 3 t/m wo 31 dec",
      "image_url": "https://www.jumbo.com/dam-images/fit-in/360x360/Products/17062025_1750123404425_1750123407834_687751_ZK_08710398532299_H1N1.png",
      "source_url": "https://www.jumbo.com/aanbiedingen/lays-cheetos-of-snackboxen/3012030"
    },
    {
      "id": "687750ZK",
      "name": "Lay's Bolognese Chips 300 gr",
      "brand": "Lay's",
      "category": "Koek, snoep, chocolade en chips",
      "unit_size": "300 Gram",
      "offer_price": 2.89,
      "normal_price": 2.89,
      "price_per_unit": 9.63,
      "price_unit": "kg",
      "discount_tag": "2 voor 4,00",
      "promo_title": "Lay's, Cheetos of snackboxen",
      "validity": "wo 3 t/m wo 31 dec",
      "image_url": "https://www.jumbo.com/dam-images/fit-in/360x360/Products/24062025_1750727507207_1750727510835_687750_ZK_08710398532282_H1N1.png",
      "source_url": "https://www.jumbo.com/aanbiedingen/lays-cheetos-of-snackboxen/3012030"
    },
    {
      "id": "713205ZK",
      "name": "Chio Oven Sticks Mild Cheese 160 g",
      "brand": "Chio",
      "category": "Koek, snoep, chocolade en chips",
      "unit_size": "160 g",
      "offer_price": 1.26,
      "normal_price": 1.69,
      "price_per_unit": 7.88,
      "price_unit": "kg",
      "discount_tag": "25% korting",
      "promo_title": "Chio Oven sticks",
      "validity": "wo 17 t/m wo 31 dec",
      "image_url": "https://www.jumbo.com/dam-images/fit-in/360x360/Products/08082025_1754678044127_1754678051405_8710532474317_1.png",
      "source_url": "https://www.jumbo.com/aanbiedingen/chio-oven-sticks/3012385"
    },
    {
      "id": "713204ZK",
      "name": "Chio Oven Sticks Naturel 160 g",
      "brand": "Chio",
      "category": "Koek, snoep, chocolade en chips",
      "unit_size": "160 g",
      "offer_price": 1.26,
      "normal_price": 1.69,
      "price_per_unit": 7.88,
      "price_unit": "kg",
      "discount_tag": "25% korting",
      "promo_title": "Chio Oven sticks",
      "validity": "wo 17 t/m wo 31 dec",
      "image_url": "https://www.jumbo.com/dam-images/fit-in/360x360/Products/08082025_1754678044081_1754678051701_8710532474331_1.png",
      "source_url": "https://www.jumbo.com/aanbiedingen/chio-oven-sticks/3012385"
    },
    {
      "id": "639092DS",
      "name": "Lay's Classic Mix Multipack Chips 12 x 27,5 gr",
      "brand": "Lay's",
      "category": "Koek, snoep, chocolade en chips",
      "unit_size": "330 Gram",
      "offer_price": 4.04,
      "normal_price": 4.49,
      "price_per_unit": 4.04,
      "price_unit": "pieces",
      "discount_tag": "10% korting",
      "promo_title": "Lay's Multibox",
      "validity": "wo 3 t/m wo 31 dec",
      "image_url": "https://www.jumbo.com/dam-images/fit-in/360x360/Products/21112025_1763739241622_1763739249572_8710398531148_1.png",
      "source_url": "https://www.jumbo.com/aanbiedingen/lays-multibox/3012331"
    },
    {
      "id": "639093DS",
      "name": "Lay's Fun Mix Multipack Chips 15 x 27,5 gr",
      "brand": "Lay's",
      "category": "Koek, snoep, chocolade en chips",
      "unit_size": "412.5 Gram",
      "offer_price": 5.84,
      "normal_price": 6.49,
      "price_per_unit": 5.84,
      "price_unit": "pieces",
      "discount_tag": "10% korting",
      "promo_title": "Lay's Multibox",
      "validity": "wo 3 t/m wo 31 dec",
      "image_url": "https://www.jumbo.com/dam-images/fit-in/360x360/Products/02122025_1764675209156_1764675216535_8710398531131_1.png",
      "source_url": "https://www.jumbo.com/aanbiedingen/lays-multibox/3012331"
    },
    {
      "id": "640350DS",
      "name": "Lay's Mega Box Multipack Chips 20 pack",
      "brand": "Lay's",
      "category": "Koek, snoep, chocolade en chips",
      "unit_size": "533.5 Gram",
      "offer_price": 7.19,
      "normal_price": 7.99,
      "price_per_unit": 7.19,
      "price_unit": "pieces",
      "discount_tag": "10% korting",
      "promo_title": "Lay's Multibox",
      "validity": "wo 3 t/m wo 31 dec",
      "image_url": "https://www.jumbo.com/dam-images/fit-in/360x360/Products/02122025_1764671567623_1764671574150_8710398531124_1.png",
      "source_url": "https://www.jumbo.com/aanbiedingen/lays-multibox/3012331"
    },
    {
      "id": "720436FLS",
      "name": "Jumbo's Fruity Citrus Wave Sap 250 ml",
      "brand": "Jumbo's",
      "category": "Frisdrank en sappen",
      "unit_size": "250 ml",
      "offer_price": 2.79,
      "normal_price": 2.79,
      "price_per_unit": 11.16,
      "price_unit": "l",
      "discount_tag": "1+1 gratis",
      "promo_title": "Jumbo's versgeperste sappen of smoothies",
      "validity": "wo 17 t/m wo 31 dec",
      "image_url": "https://www.jumbo.com/dam-images/fit-in/360x360/Products/12112025_1762950793548_1762950796838_8718452949083_1.png",
      "source_url": "https://www.jumbo.com/aanbiedingen/jumbos-versgeperste-sappen-of-smoothies/3012547"
    },
    {
      "id": "720443FLS",
      "name": "Jumbo's Creamy Cloudy Coffee Smoothie 250 ml",
      "brand": "Jumbo's",
      "category": "Frisdrank en sappen",
      "unit_size": "250 ml",
      "offer_price": 2.79,
      "normal_price": 2.79,
      "price_per_unit": 11.16,
      "price_unit": "l",
      "discount_tag": "1+1 gratis",
      "promo_title": "Jumbo's versgeperste sappen of smoothies",
      "validity": "wo 17 t/m wo 31 dec",
      "image_url": "https://www.jumbo.com/dam-images/fit-in/360x360/Products/12112025_1762950793913_1762950797706_8718452949151_1.png",
      "source_url": "https://www.jumbo.com/aanbiedingen/jumbos-versgeperste-sappen-of-smoothies/3012547"
    },
    {
      "id": "729330FLS",
      "name": "Jumbo's Fruity Sweet Potato Spiced Sap 250 ml",
      "brand": "Jumbo's",
      "category": "Aardappelen, groente en fruit",
      "unit_size": "250 ml",
      "offer_price": 2.79,
      "normal_price": 2.79,
      "price_per_unit": 11.16,
      "price_unit": "l",
      "discount_tag": "1+1 gratis",
      "promo_title": "Jumbo's versgeperste sappen of smoothies",
      "validity": "wo 17 t/m wo 31 dec",
      "image_url": "https://www.jumbo.com/dam-images/fit-in/360x360/Products/12112025_1762950794071_1762950797287_8718452949106_1.png",
      "source_url": "https://www.jumbo.com/aanbiedingen/jumbos-versgeperste-sappen-of-smoothies/3012547"
    },
    {
      "id": "729332FLS",
      "name": "Jumbo's Creamy Coconut Citrus Crush Smoothie 250 ml",
      "brand": "Jumbo's",
      "category": "Aardappelen, groente en fruit",
      "unit_size": "250 ml",
      "offer_price": 2.79,
      "normal_price": 2.79,
      "price_per_unit": 11.16,
      "price_unit": "l",
      "discount_tag": "1+1 gratis",
      "promo_title": "Jumbo's versgeperste sappen of smoothies",
      "validity": "wo 17 t/m wo 31 dec",
      "image_url": "https://www.jumbo.com/dam-images/fit-in/360x360/Products/12112025_1762950794095_1762950798190_8718452949137_1.png",
      "source_url": "https://www.jumbo.com/aanbiedingen/jumbos-versgeperste-sappen-of-smoothies/3012547"
    },
    {
      "id": "722456FLS",
      "name": "Jumbo's Fruity Chai Noël 250ML",
      "brand": "Jumbo's",
      "category": "Frisdrank en sappen",
      "unit_size": "250 ml",
      "offer_price": 2.79,
      "normal_price": 2.79,
      "price_per_unit": 11.16,
      "price_unit": "l",
      "discount_tag": "1+1 gratis",
      "promo_title": "Jumbo's versgeperste sappen of smoothies",
      "validity": "wo 17 t/m wo 31 dec",
      "image_url": "https://www.jumbo.com/dam-images/fit-in/360x360/Products/09122025_1765276371104_1765276374127_8718452982868_1.png",
      "source_url": "https://www.jumbo.com/aanbiedingen/jumbos-versgeperste-sappen-of-smoothies/3012547"
    },
    {
      "id": "729331FLS",
      "name": "Jumbo's Creamy Passion Paradise Smoothie 250 ml",
      "brand": "Jumbo's",
      "category": "Aardappelen, groente en fruit",
      "unit_size": "250 ml",
      "offer_price": 2.79,
      "normal_price": 2.79,
      "price_per_unit": 11.16,
      "price_unit": "l",
      "discount_tag": "1+1 gratis",
      "promo_title": "Jumbo's versgeperste sappen of smoothies",
      "validity": "wo 17 t/m wo 31 dec",
      "image_url": "https://www.jumbo.com/dam-images/fit-in/360x360/Products/12112025_1762957989766_1762957993050_8718452949120_1.png",
      "source_url": "https://www.jumbo.com/aanbiedingen/jumbos-versgeperste-sappen-of-smoothies/3012547"
    },
    {
      "id": "720440FLS",
      "name": "Jumbo's Creamy Berry Much Smoothie 250 ml",
      "brand": "Jumbo's",
      "category": "Frisdrank en sappen",
      "unit_size": "250 ml",
      "offer_price": 2.79,
      "normal_price": 2.79,
      "price_per_unit": 11.16,
      "price_unit": "l",
      "discount_tag": "1+1 gratis",
      "promo_title": "Jumbo's versgeperste sappen of smoothies",
      "validity": "wo 17 t/m wo 31 dec",
      "image_url": "https://www.jumbo.com/dam-images/fit-in/360x360/Products/12112025_1762950793760_1762950797043_8718452949168_1.png",
      "source_url": "https://www.jumbo.com/aanbiedingen/jumbos-versgeperste-sappen-of-smoothies/3012547"
    },
    {
      "id": "720435FLS",
      "name": "Jumbo's Fruity Tropical Chili Twist Kokoswater Sap 250 ml",
      "brand": "Jumbo's",
      "category": "Frisdrank en sappen",
      "unit_size": "250 ml",
      "offer_price": 2.79,
      "normal_price": 2.79,
      "price_per_unit": 11.16,
      "price_unit": "l",
      "discount_tag": "1+1 gratis",
      "promo_title": "Jumbo's versgeperste sappen of smoothies",
      "validity": "wo 17 t/m wo 31 dec",
      "image_url": "https://www.jumbo.com/dam-images/fit-in/360x360/Products/12112025_1762950793597_1762950796986_8718452949076_1.png",
      "source_url": "https://www.jumbo.com/aanbiedingen/jumbos-versgeperste-sappen-of-smoothies/3012547"
    },
    {
      "id": "729289FLS",
      "name": "Jumbo's Fruity Raspberry Rhapsody 250 ml",
      "brand": "Jumbo's",
      "category": "Aardappelen, groente en fruit",
      "unit_size": "250 ml",
      "offer_price": 2.79,
      "normal_price": 2.79,
      "price_per_unit": 11.16,
      "price_unit": "l",
      "discount_tag": "1+1 gratis",
      "promo_title": "Jumbo's versgeperste sappen of smoothies",
      "validity": "wo 17 t/m wo 31 dec",
      "image_url": "https://www.jumbo.com/dam-images/fit-in/360x360/Products/04122025_1764876791533_1764876795025_8718452949090_1.png",
      "source_url": "https://www.jumbo.com/aanbiedingen/jumbos-versgeperste-sappen-of-smoothies/3012547"
    },
    {
      "id": "720442FLS",
      "name": "Jumbo's Creamy Cacao Berry Smoothie 250 ml",
      "brand": "Jumbo's",
      "category": "Frisdrank en sappen",
      "unit_size": "250 ml",
      "offer_price": 2.79,
      "normal_price": 2.79,
      "price_per_unit": 11.16,
      "price_unit": "l",
      "discount_tag": "1+1 gratis",
      "promo_title": "Jumbo's versgeperste sappen of smoothies",
      "validity": "wo 17 t/m wo 31 dec",
      "image_url": "https://www.jumbo.com/dam-images/fit-in/360x360/Products/13112025_1763044385854_1763044389850_8718452949144_1.png",
      "source_url": "https://www.jumbo.com/aanbiedingen/jumbos-versgeperste-sappen-of-smoothies/3012547"
    },
    {
      "id": "720434FLS",
      "name": "Jumbo's Fruity Ruby Roots Royal Fruitsap 250 ml",
      "brand": "Jumbo's",
      "category": "Aardappelen, groente en fruit",
      "unit_size": "250 ml",
      "offer_price": 2.79,
      "normal_price": 2.79,
      "price_per_unit": 11.16,
      "price_unit": "l",
      "discount_tag": "1+1 gratis",
      "promo_title": "Jumbo's versgeperste sappen of smoothies",
      "validity": "wo 17 t/m wo 31 dec",
      "image_url": "https://www.jumbo.com/dam-images/fit-in/360x360/Products/12112025_1762950793527_1762950796784_8718452949069_1.png",
      "source_url": "https://www.jumbo.com/aanbiedingen/jumbos-versgeperste-sappen-of-smoothies/3012547"
    },
    {
      "id": "723624ZK",
      "name": "Coca-Cola Kerstkaart 2 Stuks",
      "brand": "Coca-Cola",
      "category": "",
      "unit_size": null,
      "offer_price": 4.99,
      "normal_price": 4.99,
      "price_per_unit": 4.99,
      "price_unit": "pieces",
      "discount_tag": "Gratis set kerstkaarten",
      "promo_title": "Gratis set kerstkaarten bij aankoop van 3 Coca-Cola 1,5 liter flessen",
      "validity": "wo 3 t/m wo 24 dec",
      "image_url": "https://www.jumbo.com/dam-images/fit-in/360x360/Products/2250578CCKerstkaartBallen1080x1080pxv162f7b497-e6fd-43cd-af6b-c0931bb8fb66-1763128066546.png",
      "source_url": "https://www.jumbo.com/aanbiedingen/gratis-set-kerstkaarten-bij-aankoop-van-3-coca-cola-1-5-liter-flessen/3012684"
    },
    {
      "id": "428418FLS",
      "name": "Coca-Cola Light 1,5 L",
      "brand": "Coca-Cola",
      "category": "Frisdrank en sappen",
      "unit_size": "1.5 L",
      "offer_price": 2.89,
      "normal_price": 2.89,
      "price_per_unit": 1.93,
      "price_unit": "l",
      "discount_tag": "Gratis set kerstkaarten",
      "promo_title": "Gratis set kerstkaarten bij aankoop van 3 Coca-Cola 1,5 liter flessen",
      "validity": "wo 3 t/m wo 24 dec",
      "image_url": "https://www.jumbo.com/dam-images/fit-in/360x360/Products/19082023_1692410184380_1692410187191_428418_FLS_05000112646900_H1N1.png",
      "source_url": "https://www.jumbo.com/aanbiedingen/gratis-set-kerstkaarten-bij-aankoop-van-3-coca-cola-1-5-liter-flessen/3012684"
    },
    {
      "id": "608116FLS",
      "name": "Coca-Cola Vanilla Frisdrank 1,5 L",
      "brand": "Coca-Cola",
      "category": "Frisdrank en sappen",
      "unit_size": "1.5 L",
      "offer_price": 2.99,
      "normal_price": 2.99,
      "price_per_unit": 1.99,
      "price_unit": "l",
      "discount_tag": "Gratis set kerstkaarten",
      "promo_title": "Gratis set kerstkaarten bij aankoop van 3 Coca-Cola 1,5 liter flessen",
      "validity": "wo 3 t/m wo 24 dec",
      "image_url": "https://www.jumbo.com/dam-images/fit-in/360x360/Products/03122025_1764733584782_1764733590602_608116_FLS_05000112668292_H1N1.png",
      "source_url": "https://www.jumbo.com/aanbiedingen/gratis-set-kerstkaarten-bij-aankoop-van-3-coca-cola-1-5-liter-flessen/3012684"
    },
    {
      "id": "608118FLS",
      "name": "Coca-Cola Zero Sugar Vanilla Frisdrank 1,5 L",
      "brand": "Coca-Cola",
      "category": "Frisdrank en sappen",
      "unit_size": "1.5 L",
      "offer_price": 2.99,
      "normal_price": 2.99,
      "price_per_unit": 1.99,
      "price_unit": "l",
      "discount_tag": "Gratis set kerstkaarten",
      "promo_title": "Gratis set kerstkaarten bij aankoop van 3 Coca-Cola 1,5 liter flessen",
      "validity": "wo 3 t/m wo 24 dec",
      "image_url": "https://www.jumbo.com/dam-images/fit-in/360x360/Products/09122025_1765247083242_1765247089678_608118_FLS_05000112668315_H1N1.png",
      "source_url": "https://www.jumbo.com/aanbiedingen/gratis-set-kerstkaarten-bij-aankoop-van-3-coca-cola-1-5-liter-flessen/3012684"
    },
    {
      "id": "608117FLS",
      "name": "Coca-Cola Cherry 1,5L",
      "brand": "Coca-Cola",
      "category": "Frisdrank en sappen",
      "unit_size": "1.5 L",
      "offer_price": 2.99,
      "normal_price": 2.99,
      "price_per_unit": 1.99,
      "price_unit": "l",
      "discount_tag": "Gratis set kerstkaarten",
      "promo_title": "Gratis set kerstkaarten bij aankoop van 3 Coca-Cola 1,5 liter flessen",
      "validity": "wo 3 t/m wo 24 dec",
      "image_url": "https://www.jumbo.com/dam-images/fit-in/360x360/Products/03122025_1764733593159_1764733598890_608117_FLS_05000112668254_H1N1.png",
      "source_url": "https://www.jumbo.com/aanbiedingen/gratis-set-kerstkaarten-bij-aankoop-van-3-coca-cola-1-5-liter-flessen/3012684"
    },
    {
      "id": "428483FLS",
      "name": "Coca-Cola Original Taste 1,5 L",
      "brand": "Coca-Cola",
      "category": "Frisdrank en sappen",
      "unit_size": "1.5 L",
      "offer_price": 2.89,
      "normal_price": 2.89,
      "price_per_unit": 1.93,
      "price_unit": "l",
      "discount_tag": "Gratis set kerstkaarten",
      "promo_title": "Gratis set kerstkaarten bij aankoop van 3 Coca-Cola 1,5 liter flessen",
      "validity": "wo 3 t/m wo 24 dec",
      "image_url": "https://www.jumbo.com/dam-images/fit-in/360x360/Products/03122025_1764732151133_1764732157319_428483_FLS_05000112646627_H1N1.png",
      "source_url": "https://www.jumbo.com/aanbiedingen/gratis-set-kerstkaarten-bij-aankoop-van-3-coca-cola-1-5-liter-flessen/3012684"
    },
    {
      "id": "428559FLS",
      "name": "Coca-Cola Zero Sugar Zero Cafeïne 1,5 L ",
      "brand": "Coca-Cola",
      "category": "Frisdrank en sappen",
      "unit_size": "1.5 L",
      "offer_price": 2.89,
      "normal_price": 2.89,
      "price_per_unit": 1.93,
      "price_unit": "l",
      "discount_tag": "Gratis set kerstkaarten",
      "promo_title": "Gratis set kerstkaarten bij aankoop van 3 Coca-Cola 1,5 liter flessen",
      "validity": "wo 3 t/m wo 24 dec",
      "image_url": "https://www.jumbo.com/dam-images/fit-in/360x360/Products/03122025_1764732909213_1764732918797_428559_FLS_05000112646948_H1N1.png",
      "source_url": "https://www.jumbo.com/aanbiedingen/gratis-set-kerstkaarten-bij-aankoop-van-3-coca-cola-1-5-liter-flessen/3012684"
    },
    {
      "id": "608130FLS",
      "name": "Coca-Cola Zero Sugar Cherry Frisdrank 1,5 L",
      "brand": "Coca-Cola",
      "category": "Frisdrank en sappen",
      "unit_size": "1.5 L",
      "offer_price": 2.99,
      "normal_price": 2.99,
      "price_per_unit": 1.99,
      "price_unit": "l",
      "discount_tag": "Gratis set kerstkaarten",
      "promo_title": "Gratis set kerstkaarten bij aankoop van 3 Coca-Cola 1,5 liter flessen",
      "validity": "wo 3 t/m wo 24 dec",
      "image_url": "https://www.jumbo.com/dam-images/fit-in/360x360/Products/03122025_1764732783778_1764732790543_608130_FLS_05000112668278_H1N1.png",
      "source_url": "https://www.jumbo.com/aanbiedingen/gratis-set-kerstkaarten-bij-aankoop-van-3-coca-cola-1-5-liter-flessen/3012684"
    },
    {
      "id": "429181FLS",
      "name": "Coca-Cola Zero Sugar 1,5 L",
      "brand": "Coca-Cola",
      "category": "Frisdrank en sappen",
      "unit_size": "1.5 L",
      "offer_price": 2.89,
      "normal_price": 2.89,
      "price_per_unit": 1.93,
      "price_unit": "l",
      "discount_tag": "Gratis set kerstkaarten",
      "promo_title": "Gratis set kerstkaarten bij aankoop van 3 Coca-Cola 1,5 liter flessen",
      "validity": "wo 3 t/m wo 24 dec",
      "image_url": "https://www.jumbo.com/dam-images/fit-in/360x360/Products/03122025_1764727473506_1764727480632_429181_FLS_05000112646719_H1N1.png",
      "source_url": "https://www.jumbo.com/aanbiedingen/gratis-set-kerstkaarten-bij-aankoop-van-3-coca-cola-1-5-liter-flessen/3012684"
    },
    {
      "id": "713139ZK",
      "name": "Melitta CaféBar Selection Crema Intense koffiebonen 1 KG",
      "brand": "Melitta",
      "category": "Koffie en thee",
      "unit_size": "1000 g",
      "offer_price": 21.99,
      "normal_price": 21.99,
      "price_per_unit": 21.99,
      "price_unit": "kg",
      "discount_tag": "2e halve prijs",
      "promo_title": "Alle Koffiebonen",
      "validity": "wo 17 t/m vr 26 dec",
      "image_url": "https://www.jumbo.com/dam-images/fit-in/360x360/Products/16122025_1765873968308_1765873972208_4002720004500_1.png",
      "source_url": "https://www.jumbo.com/aanbiedingen/alle-koffiebonen/3012544"
    },
    {
      "id": "713200ZK",
      "name": "Melitta CaféBar Selection Espresso Intense koffiebonen 1 KG",
      "brand": "Melitta",
      "category": "Koffie en thee",
      "unit_size": "1000 g",
      "offer_price": 21.99,
      "normal_price": 21.99,
      "price_per_unit": 21.99,
      "price_unit": "kg",
      "discount_tag": "2e halve prijs",
      "promo_title": "Alle Koffiebonen",
      "validity": "wo 17 t/m vr 26 dec",
      "image_url": "https://www.jumbo.com/dam-images/fit-in/360x360/Products/16122025_1765873968418_1765873972687_4002720004517_1.png",
      "source_url": "https://www.jumbo.com/aanbiedingen/alle-koffiebonen/3012544"
    },
    {
      "id": "705756ZK",
      "name": "Lavazza Tales of Napoli Bonen 250g",
      "brand": "Lavazza",
      "category": "Koffie en thee",
      "unit_size": null,
      "offer_price": 8.19,
      "normal_price": 8.19,
      "price_per_unit": 32.76,
      "price_unit": "kg",
      "discount_tag": "2e halve prijs",
      "promo_title": "Alle Koffiebonen",
      "validity": "wo 17 t/m vr 26 dec",
      "image_url": "https://www.jumbo.com/dam-images/fit-in/360x360/Products/19062025_1750325031593_1750325034213_705756_ZK_08000070072534_C1N1.png",
      "source_url": "https://www.jumbo.com/aanbiedingen/alle-koffiebonen/3012544"
    },
    {
      "id": "706825ZK",
      "name": "Smit & Dorlas Mild Roast bonen 500g",
      "brand": "Smit & Dorlas",
      "category": "Koffie en thee",
      "unit_size": null,
      "offer_price": 11.49,
      "normal_price": 11.49,
      "price_per_unit": 22.98,
      "price_unit": "kg",
      "discount_tag": "2e halve prijs",
      "promo_title": "Alle Koffiebonen",
      "validity": "wo 17 t/m vr 26 dec",
      "image_url": "https://www.jumbo.com/dam-images/fit-in/360x360/Products/05082025_1754356224543_1754356229193_706825_ZK_08710435138750_C1N1.png",
      "source_url": "https://www.jumbo.com/aanbiedingen/alle-koffiebonen/3012544"
    },
    {
      "id": "646528ZK",
      "name": "Jumbo's Medium Roast Brasil & Colombia Romig & Zacht 500 g",
      "brand": "Jumbo's",
      "category": "Koffie en thee",
      "unit_size": "500 g",
      "offer_price": 11.99,
      "normal_price": 11.99,
      "price_per_unit": 23.98,
      "price_unit": "kg",
      "discount_tag": "2e halve prijs",
      "promo_title": "Alle Koffiebonen",
      "validity": "wo 17 t/m vr 26 dec",
      "image_url": "https://www.jumbo.com/dam-images/fit-in/360x360/Products/12122024_1734003202541_1734003211485_8718452850136_1.png",
      "source_url": "https://www.jumbo.com/aanbiedingen/alle-koffiebonen/3012544"
    },
    {
      "id": "706829ZK",
      "name": "Bialetti Espresso Grani Intenso 500g",
      "brand": "Bialetti",
      "category": "Koffie en thee",
      "unit_size": null,
      "offer_price": 13.29,
      "normal_price": 13.29,
      "price_per_unit": 26.58,
      "price_unit": "kg",
      "discount_tag": "2e halve prijs",
      "promo_title": "Alle Koffiebonen",
      "validity": "wo 17 t/m vr 26 dec",
      "image_url": "https://www.jumbo.com/dam-images/fit-in/360x360/Products/26062025_1750941240289_1750941244534_706829_ZK_08006363038683_C1N1.png",
      "source_url": "https://www.jumbo.com/aanbiedingen/alle-koffiebonen/3012544"
    },
    {
      "id": "385481ZK",
      "name": "Starbucks Holiday Blend Medium Roast Koffiebonen Limited Edition 190g",
      "brand": "Starbucks",
      "category": "Koffie en thee",
      "unit_size": "190 g",
      "offer_price": 5.69,
      "normal_price": 5.69,
      "price_per_unit": 29.95,
      "price_unit": "kg",
      "discount_tag": "2e halve prijs",
      "promo_title": "Alle Koffiebonen",
      "validity": "wo 17 t/m vr 26 dec",
      "image_url": "https://www.jumbo.com/dam-images/fit-in/360x360/Products/17082024_1723861649516_1723861659925_385481_ZK_07613039399828_H1N1_s01.png",
      "source_url": "https://www.jumbo.com/aanbiedingen/alle-koffiebonen/3012544"
    },
    {
      "id": "615483ZK",
      "name": "Eduscho Caffe Crema Mild Bohnen 1KG",
      "brand": "Eduscho",
      "category": "Koffie en thee",
      "unit_size": null,
      "offer_price": 15.49,
      "normal_price": 15.49,
      "price_per_unit": 15.49,
      "price_unit": "kg",
      "discount_tag": "2e halve prijs",
      "promo_title": "Alle Koffiebonen",
      "validity": "wo 17 t/m vr 26 dec",
      "image_url": "",
      "source_url": "https://www.jumbo.com/aanbiedingen/alle-koffiebonen/3012544"
    },
    {
      "id": "615486ZK",
      "name": "Movenpick Cafe Crema Bohnen 1KG",
      "brand": "Movenpick",
      "category": "Koffie en thee",
      "unit_size": null,
      "offer_price": 15.89,
      "normal_price": 15.89,
      "price_per_unit": 15.89,
      "price_unit": "kg",
      "discount_tag": "2e halve prijs",
      "promo_title": "Alle Koffiebonen",
      "validity": "wo 17 t/m vr 26 dec",
      "image_url": "",
      "source_url": "https://www.jumbo.com/aanbiedingen/alle-koffiebonen/3012544"
    },
    {
      "id": "130141PAK",
      "name": "Café Intención Crema Aromatico 500 g bonen",
      "brand": "cafe intencion",
      "category": "Koffie en thee",
      "unit_size": "500 g",
      "offer_price": 12.99,
      "normal_price": 12.99,
      "price_per_unit": 25.98,
      "price_unit": "kg",
      "discount_tag": "2e halve prijs",
      "promo_title": "Alle Koffiebonen",
      "validity": "wo 17 t/m vr 26 dec",
      "image_url": "https://www.jumbo.com/dam-images/fit-in/360x360/Products/23042024_1713879192571_1713879199273_4006581020761_1.png",
      "source_url": "https://www.jumbo.com/aanbiedingen/alle-koffiebonen/3012544"
    },
    {
      "id": "711244ZK",
      "name": "Jumbo's Intenso Koffiebonen 500 g",
      "brand": "Jumbo's",
      "category": "Koffie en thee",
      "unit_size": "500 g",
      "offer_price": 10.99,
      "normal_price": 10.99,
      "price_per_unit": 21.98,
      "price_unit": "kg",
      "discount_tag": "2e halve prijs",
      "promo_title": "Alle Koffiebonen",
      "validity": "wo 17 t/m vr 26 dec",
      "image_url": "https://www.jumbo.com/dam-images/fit-in/360x360/Products/03102025_1759480551741_1759480560323_8718452928002_596.png",
      "source_url": "https://www.jumbo.com/aanbiedingen/alle-koffiebonen/3012544"
    },
    {
      "id": "705760ZK",
      "name": "Lavazza Tierra Premium Blend Bio Bonen 500g",
      "brand": "Lavazza",
      "category": "Koffie en thee",
      "unit_size": null,
      "offer_price": 15.99,
      "normal_price": 15.99,
      "price_per_unit": 31.98,
      "price_unit": "kg",
      "discount_tag": "2e halve prijs",
      "promo_title": "Alle Koffiebonen",
      "validity": "wo 17 t/m vr 26 dec",
      "image_url": "https://www.jumbo.com/dam-images/fit-in/360x360/Products/19062025_1750325074090_1750325077692_705760_ZK_08000070021631_C1N1.png",
      "source_url": "https://www.jumbo.com/aanbiedingen/alle-koffiebonen/3012544"
    },
    {
      "id": "637316ZK",
      "name": "Jumbo's Beste Koffiebonen Aroma 1 kg",
      "brand": "Jumbo's",
      "category": "Koffie en thee",
      "unit_size": "1 kg",
      "offer_price": 14.99,
      "normal_price": 14.99,
      "price_per_unit": 14.99,
      "price_unit": "kg",
      "discount_tag": "2e halve prijs",
      "promo_title": "Alle Koffiebonen",
      "validity": "wo 17 t/m vr 26 dec",
      "image_url": "https://www.jumbo.com/dam-images/fit-in/360x360/Products/26092024_1727353960004_1727353964477_8718452848904_1.png",
      "source_url": "https://www.jumbo.com/aanbiedingen/alle-koffiebonen/3012544"
    },
    {
      "id": "509467ZK",
      "name": "Smit & Dorlas Koffiebonen Mild Roast 500 g",
      "brand": "Smit & Dorlas",
      "category": "Koffie en thee",
      "unit_size": "500 g",
      "offer_price": 9.99,
      "normal_price": 9.99,
      "price_per_unit": 19.98,
      "price_unit": "kg",
      "discount_tag": "2e halve prijs",
      "promo_title": "Alle Koffiebonen",
      "validity": "wo 17 t/m vr 26 dec",
      "image_url": "https://www.jumbo.com/dam-images/fit-in/360x360/Products/17012024_1705458656182_1705458665766_509467_ZK_08710435138187_C1N1.png",
      "source_url": "https://www.jumbo.com/aanbiedingen/alle-koffiebonen/3012544"
    },
    {
      "id": "711243ZK",
      "name": "Jumbo's Dolce Koffiebonen 500 g",
      "brand": "Jumbo's",
      "category": "Koffie en thee",
      "unit_size": "500 g",
      "offer_price": 10.99,
      "normal_price": 10.99,
      "price_per_unit": 21.98,
      "price_unit": "kg",
      "discount_tag": "2e halve prijs",
      "promo_title": "Alle Koffiebonen",
      "validity": "wo 17 t/m vr 26 dec",
      "image_url": "https://www.jumbo.com/dam-images/fit-in/360x360/Products/03102025_1759480551609_1759480564386_8718452928026_596.png",
      "source_url": "https://www.jumbo.com/aanbiedingen/alle-koffiebonen/3012544"
    },
    {
      "id": "525655PAK",
      "name": "DALL ENTCOFFEINIERT",
      "brand": "Dallmayr",
      "category": "Koffie en thee",
      "unit_size": null,
      "offer_price": 7.99,
      "normal_price": 7.99,
      "price_per_unit": 15.98,
      "price_unit": "kg",
      "discount_tag": "2e halve prijs",
      "promo_title": "Alle Koffiebonen",
      "validity": "wo 17 t/m vr 26 dec",
      "image_url": "",
      "source_url": "https://www.jumbo.com/aanbiedingen/alle-koffiebonen/3012544"
    },
    {
      "id": "225489ZK",
      "name": "__MISSING_PRODUCT__",
      "brand": "Cornelissen Coffeeroasters",
      "category": "Koffie en thee",
      "unit_size": null,
      "offer_price": 5.99,
      "normal_price": 5.99,
      "price_per_unit": 17.11,
      "price_unit": "kg",
      "discount_tag": "2e halve prijs",
      "promo_title": "Alle Koffiebonen",
      "validity": "wo 17 t/m vr 26 dec",
      "image_url": "",
      "source_url": "https://www.jumbo.com/aanbiedingen/alle-koffiebonen/3012544"
    },
    {
      "id": "539448ZK",
      "name": "Lavazza Espresso Barista Intenso koffiebonen 500g",
      "brand": "Lavazza",
      "category": "Koffie en thee",
      "unit_size": null,
      "offer_price": 15.79,
      "normal_price": 15.79,
      "price_per_unit": 31.58,
      "price_unit": "kg",
      "discount_tag": "2e halve prijs",
      "promo_title": "Alle Koffiebonen",
      "validity": "wo 17 t/m vr 26 dec",
      "image_url": "https://www.jumbo.com/dam-images/fit-in/360x360/Products/30102024_1730260947219_1730260949855_539448_ZK_08000070050983_C1N1.png",
      "source_url": "https://www.jumbo.com/aanbiedingen/alle-koffiebonen/3012544"
    },
    {
      "id": "206225ZK",
      "name": "__MISSING_PRODUCT__",
      "brand": "Cornelissen Coffeeroasters",
      "category": "Koffie en thee",
      "unit_size": null,
      "offer_price": 15.99,
      "normal_price": 15.99,
      "price_per_unit": 15.99,
      "price_unit": "kg",
      "discount_tag": "2e halve prijs",
      "promo_title": "Alle Koffiebonen",
      "validity": "wo 17 t/m vr 26 dec",
      "image_url": "",
      "source_url": "https://www.jumbo.com/aanbiedingen/alle-koffiebonen/3012544"
    },
    {
      "id": "705758ZK",
      "name": "Lavazza Tales of Milano Bonen 250g",
      "brand": "Lavazza",
      "category": "Koffie en thee",
      "unit_size": null,
      "offer_price": 8.19,
      "normal_price": 8.19,
      "price_per_unit": 32.76,
      "price_unit": "kg",
      "discount_tag": "2e halve prijs",
      "promo_title": "Alle Koffiebonen",
      "validity": "wo 17 t/m vr 26 dec",
      "image_url": "https://www.jumbo.com/dam-images/fit-in/360x360/Products/19062025_1750325053828_1750325062909_705758_ZK_08000070072541_C1N1.png",
      "source_url": "https://www.jumbo.com/aanbiedingen/alle-koffiebonen/3012544"
    },
    {
      "id": "225486ZK",
      "name": "__MISSING_PRODUCT__",
      "brand": "Cornelissen Coffeeroasters",
      "category": "Koffie en thee",
      "unit_size": null,
      "offer_price": 5.99,
      "normal_price": 5.99,
      "price_per_unit": 17.11,
      "price_unit": "kg",
      "discount_tag": "2e halve prijs",
      "promo_title": "Alle Koffiebonen",
      "validity": "wo 17 t/m vr 26 dec",
      "image_url": "",
      "source_url": "https://www.jumbo.com/aanbiedingen/alle-koffiebonen/3012544"
    },
    {
      "id": "615476ZK",
      "name": "Melitta Barista Crema Bohnen",
      "brand": "Melitta",
      "category": "Koffie en thee",
      "unit_size": null,
      "offer_price": 13.99,
      "normal_price": 13.99,
      "price_per_unit": 13.99,
      "price_unit": "kg",
      "discount_tag": "2e halve prijs",
      "promo_title": "Alle Koffiebonen",
      "validity": "wo 17 t/m vr 26 dec",
      "image_url": "",
      "source_url": "https://www.jumbo.com/aanbiedingen/alle-koffiebonen/3012544"
    },
    {
      "id": "615479PAK",
      "name": "Tchibo Feine Milde Actiepak Vak. 1KG",
      "brand": "Tchibo",
      "category": "Koffie en thee",
      "unit_size": null,
      "offer_price": 16.49,
      "normal_price": 16.49,
      "price_per_unit": 16.49,
      "price_unit": "kg",
      "discount_tag": "2e halve prijs",
      "promo_title": "Alle Koffiebonen",
      "validity": "wo 17 t/m vr 26 dec",
      "image_url": "",
      "source_url": "https://www.jumbo.com/aanbiedingen/alle-koffiebonen/3012544"
    },
    {
      "id": "225546STK",
      "name": "illy Intenso Bold Roast Coffee Beans 250 g",
      "brand": "Illy",
      "category": "Koffie en thee",
      "unit_size": null,
      "offer_price": 8.49,
      "normal_price": 8.49,
      "price_per_unit": 33.96,
      "price_unit": "kg",
      "discount_tag": "2e halve prijs",
      "promo_title": "Alle Koffiebonen",
      "validity": "wo 17 t/m vr 26 dec",
      "image_url": "https://www.jumbo.com/dam-images/fit-in/360x360/Products/24102024_1729739388991_1729739391838_225546_STK_08003753918198_C1N1.png",
      "source_url": "https://www.jumbo.com/aanbiedingen/alle-koffiebonen/3012544"
    },
    {
      "id": "194411PAK",
      "name": "TCHIBO FEINE MILDE",
      "brand": "Tchibo",
      "category": "Koffie en thee",
      "unit_size": null,
      "offer_price": 8.39,
      "normal_price": 8.39,
      "price_per_unit": 16.78,
      "price_unit": "kg",
      "discount_tag": "2e halve prijs",
      "promo_title": "Alle Koffiebonen",
      "validity": "wo 17 t/m vr 26 dec",
      "image_url": "",
      "source_url": "https://www.jumbo.com/aanbiedingen/alle-koffiebonen/3012544"
    },
    {
      "id": "615570ZK",
      "name": "Crema e Gusto Classico koffiebonen 1kg",
      "brand": "Lavazza",
      "category": "Koffie en thee",
      "unit_size": null,
      "offer_price": 21.39,
      "normal_price": 21.39,
      "price_per_unit": 21.39,
      "price_unit": "kg",
      "discount_tag": "2e halve prijs",
      "promo_title": "Alle Koffiebonen",
      "validity": "wo 17 t/m vr 26 dec",
      "image_url": "https://www.jumbo.com/dam-images/fit-in/360x360/Products/26112025_1764122863499_1764122874830_615570_ZK_08000070051003_C1N1.png",
      "source_url": "https://www.jumbo.com/aanbiedingen/alle-koffiebonen/3012544"
    },
    {
      "id": "706826ZK",
      "name": "Smit & Dorlas Intense Roast bonen 500g",
      "brand": "Smit & Dorlas",
      "category": "Koffie en thee",
      "unit_size": null,
      "offer_price": 11.49,
      "normal_price": 11.49,
      "price_per_unit": 22.98,
      "price_unit": "kg",
      "discount_tag": "2e halve prijs",
      "promo_title": "Alle Koffiebonen",
      "validity": "wo 17 t/m vr 26 dec",
      "image_url": "https://www.jumbo.com/dam-images/fit-in/360x360/Products/06082025_1754442763118_1754442767895_706826_ZK_08710435138781_C1N1.png",
      "source_url": "https://www.jumbo.com/aanbiedingen/alle-koffiebonen/3012544"
    },
    {
      "id": "706832ZK",
      "name": "Smit & Dorlas Dark Roast Koffiebonen 500 g",
      "brand": "Smit & Dorlas",
      "category": "Koffie en thee",
      "unit_size": null,
      "offer_price": 11.49,
      "normal_price": 11.49,
      "price_per_unit": 22.98,
      "price_unit": "kg",
      "discount_tag": "2e halve prijs",
      "promo_title": "Alle Koffiebonen",
      "validity": "wo 17 t/m vr 26 dec",
      "image_url": "https://www.jumbo.com/dam-images/fit-in/360x360/Products/06082025_1754442878203_1754442882774_706832_ZK_08710435138774_C1N1.png",
      "source_url": "https://www.jumbo.com/aanbiedingen/alle-koffiebonen/3012544"
    },
    {
      "id": "66421PAK",
      "name": "Lavazza Qualità Oro koffiebonen 500 g",
      "brand": "Lavazza",
      "category": "Koffie en thee",
      "unit_size": null,
      "offer_price": 15.99,
      "normal_price": 15.99,
      "price_per_unit": 31.98,
      "price_unit": "kg",
      "discount_tag": "2e halve prijs",
      "promo_title": "Alle Koffiebonen",
      "validity": "wo 17 t/m vr 26 dec",
      "image_url": "https://www.jumbo.com/dam-images/fit-in/360x360/Products/26112025_1764125977417_1764125988125_66421_PAK_08000070019362_C1N1.png",
      "source_url": "https://www.jumbo.com/aanbiedingen/alle-koffiebonen/3012544"
    },
    {
      "id": "434139ZK",
      "name": "Lavazza Espresso Barista Perfetto koffiebonen 500 g",
      "brand": "Lavazza",
      "category": "Koffie en thee",
      "unit_size": null,
      "offer_price": 15.79,
      "normal_price": 15.79,
      "price_per_unit": 31.58,
      "price_unit": "kg",
      "discount_tag": "2e halve prijs",
      "promo_title": "Alle Koffiebonen",
      "validity": "wo 17 t/m vr 26 dec",
      "image_url": "https://www.jumbo.com/dam-images/fit-in/360x360/Products/26112025_1764130257093_1764130267101_434139_ZK_08000070046443_C1N1.png",
      "source_url": "https://www.jumbo.com/aanbiedingen/alle-koffiebonen/3012544"
    },
    {
      "id": "525653PAK",
      "name": "DALLMAYR PRODOMO BONEN",
      "brand": "Dallmayr",
      "category": "Koffie en thee",
      "unit_size": null,
      "offer_price": 7.99,
      "normal_price": 7.99,
      "price_per_unit": 15.98,
      "price_unit": "kg",
      "discount_tag": "2e halve prijs",
      "promo_title": "Alle Koffiebonen",
      "validity": "wo 17 t/m vr 26 dec",
      "image_url": "",
      "source_url": "https://www.jumbo.com/aanbiedingen/alle-koffiebonen/3012544"
    },
    {
      "id": "646531ZK",
      "name": "Jumbo's Light Roast Colombia Fruitig & Funky 500 g",
      "brand": "Jumbo's",
      "category": "Koffie en thee",
      "unit_size": "500 g",
      "offer_price": 12.99,
      "normal_price": 12.99,
      "price_per_unit": 25.98,
      "price_unit": "kg",
      "discount_tag": "2e halve prijs",
      "promo_title": "Alle Koffiebonen",
      "validity": "wo 17 t/m vr 26 dec",
      "image_url": "https://www.jumbo.com/dam-images/fit-in/360x360/Products/12122024_1734003202705_1734003210253_8718452850198_1.png",
      "source_url": "https://www.jumbo.com/aanbiedingen/alle-koffiebonen/3012544"
    },
    {
      "id": "140079PAK",
      "name": "Segafredo Zanetti Intermezzo Koffiebonen 1000 g",
      "brand": "Segafredo",
      "category": "Koffie en thee",
      "unit_size": "1000 g",
      "offer_price": 19.99,
      "normal_price": 19.99,
      "price_per_unit": 19.99,
      "price_unit": "kg",
      "discount_tag": "2e halve prijs",
      "promo_title": "Alle Koffiebonen",
      "validity": "wo 17 t/m vr 26 dec",
      "image_url": "https://www.jumbo.com/dam-images/fit-in/360x360/Products/12122024_1734014780658_1734014783872_8003410311171_1.png",
      "source_url": "https://www.jumbo.com/aanbiedingen/alle-koffiebonen/3012544"
    },
    {
      "id": "624763ZK",
      "name": "Wayang Premium Coffee Beans Indonesia 500 g",
      "brand": "Wayang Coffee",
      "category": "Koffie en thee",
      "unit_size": "500 G",
      "offer_price": 11.99,
      "normal_price": 11.99,
      "price_per_unit": 23.98,
      "price_unit": "kg",
      "discount_tag": "2e halve prijs",
      "promo_title": "Alle Koffiebonen",
      "validity": "wo 17 t/m vr 26 dec",
      "image_url": "https://www.jumbo.com/dam-images/fit-in/360x360/Products/10012025_1736519627494_1736519631100_8720938527043_1.png",
      "source_url": "https://www.jumbo.com/aanbiedingen/alle-koffiebonen/3012544"
    },
    {
      "id": "624749ZK",
      "name": "Wayang Premium Coffee Beans Indonesia 500 g",
      "brand": "Wayang Coffee",
      "category": "Koffie en thee",
      "unit_size": "500 G",
      "offer_price": 11.79,
      "normal_price": 11.79,
      "price_per_unit": 23.58,
      "price_unit": "kg",
      "discount_tag": "2e halve prijs",
      "promo_title": "Alle Koffiebonen",
      "validity": "wo 17 t/m vr 26 dec",
      "image_url": "https://www.jumbo.com/dam-images/fit-in/360x360/Products/14062024_1718350405463_1718350408906_8720938527005_1.png",
      "source_url": "https://www.jumbo.com/aanbiedingen/alle-koffiebonen/3012544"
    },
    {
      "id": "615482ZK",
      "name": "Eduscho Espresso Intenso Bohnen 1KG",
      "brand": "Eduscho",
      "category": "Koffie en thee",
      "unit_size": null,
      "offer_price": 15.49,
      "normal_price": 15.49,
      "price_per_unit": 15.49,
      "price_unit": "kg",
      "discount_tag": "2e halve prijs",
      "promo_title": "Alle Koffiebonen",
      "validity": "wo 17 t/m vr 26 dec",
      "image_url": "",
      "source_url": "https://www.jumbo.com/aanbiedingen/alle-koffiebonen/3012544"
    },
    {
      "id": "225485ZK",
      "name": "__MISSING_PRODUCT__",
      "brand": "Cornelissen Coffeeroasters",
      "category": "Koffie en thee",
      "unit_size": null,
      "offer_price": 5.99,
      "normal_price": 5.99,
      "price_per_unit": 17.11,
      "price_unit": "kg",
      "discount_tag": "2e halve prijs",
      "promo_title": "Alle Koffiebonen",
      "validity": "wo 17 t/m vr 26 dec",
      "image_url": "",
      "source_url": "https://www.jumbo.com/aanbiedingen/alle-koffiebonen/3012544"
    },
    {
      "id": "624747ZK",
      "name": "Fairtrade Original Intense Roast Bonen 500g",
      "brand": "Fair trade",
      "category": "Koffie en thee",
      "unit_size": null,
      "offer_price": 11.99,
      "normal_price": 11.99,
      "price_per_unit": 23.98,
      "price_unit": "kg",
      "discount_tag": "2e halve prijs",
      "promo_title": "Alle Koffiebonen",
      "validity": "wo 17 t/m vr 26 dec",
      "image_url": "https://www.jumbo.com/dam-images/fit-in/360x360/Products/13082024_1723517896712_1723517900229_624747_ZK_08711741360118_C1N1.png",
      "source_url": "https://www.jumbo.com/aanbiedingen/alle-koffiebonen/3012544"
    },
    {
      "id": "591783ZK",
      "name": "Lavazza Espresso Cremoso Coffee Beans 1000 g Zak",
      "brand": "Lavazza",
      "category": "Koffie en thee",
      "unit_size": null,
      "offer_price": 24.99,
      "normal_price": 24.99,
      "price_per_unit": 24.99,
      "price_unit": "kg",
      "discount_tag": "2e halve prijs",
      "promo_title": "Alle Koffiebonen",
      "validity": "wo 17 t/m vr 26 dec",
      "image_url": "https://www.jumbo.com/dam-images/fit-in/360x360/Products/26112025_1764138205909_1764138216836_591783_ZK_08000070027336_C1N1.png",
      "source_url": "https://www.jumbo.com/aanbiedingen/alle-koffiebonen/3012544"
    },
    {
      "id": "623761ZK",
      "name": "Fairtrade Original Espresso Bonen 500g Zak",
      "brand": "Fair trade",
      "category": "Koffie en thee",
      "unit_size": null,
      "offer_price": 11.99,
      "normal_price": 11.99,
      "price_per_unit": 23.98,
      "price_unit": "kg",
      "discount_tag": "2e halve prijs",
      "promo_title": "Alle Koffiebonen",
      "validity": "wo 17 t/m vr 26 dec",
      "image_url": "https://www.jumbo.com/dam-images/fit-in/360x360/Products/13082024_1723515205082_1723515208161_623761_ZK_08711741360071_C1N1.png",
      "source_url": "https://www.jumbo.com/aanbiedingen/alle-koffiebonen/3012544"
    },
    {
      "id": "155960ZK",
      "name": "Lavazza Crema e Gusto koffiebonen 1 kg",
      "brand": "Lavazza",
      "category": "Koffie en thee",
      "unit_size": null,
      "offer_price": 21.39,
      "normal_price": 21.39,
      "price_per_unit": 21.39,
      "price_unit": "kg",
      "discount_tag": "2e halve prijs",
      "promo_title": "Alle Koffiebonen",
      "validity": "wo 17 t/m vr 26 dec",
      "image_url": "https://www.jumbo.com/dam-images/fit-in/360x360/Products/26112025_1764138484306_1764138495286_155960_ZK_08000070038271_C1N1.png",
      "source_url": "https://www.jumbo.com/aanbiedingen/alle-koffiebonen/3012544"
    },
    {
      "id": "140077PAK",
      "name": "Segafredo Zanetti Selezione Crema Koffiebonen 500 g",
      "brand": "Segafredo",
      "category": "Koffie en thee",
      "unit_size": "500 g",
      "offer_price": 11.99,
      "normal_price": 11.99,
      "price_per_unit": 23.98,
      "price_unit": "kg",
      "discount_tag": "2e halve prijs",
      "promo_title": "Alle Koffiebonen",
      "validity": "wo 17 t/m vr 26 dec",
      "image_url": "https://www.jumbo.com/dam-images/fit-in/360x360/Products/05102023_1696498562360_1696498569062_9001810011645_1.png",
      "source_url": "https://www.jumbo.com/aanbiedingen/alle-koffiebonen/3012544"
    },
    {
      "id": "706827ZK",
      "name": "Smit & Dorlas Classic Roast Koffiebonen 500 g",
      "brand": "Smit & Dorlas",
      "category": "Koffie en thee",
      "unit_size": null,
      "offer_price": 11.49,
      "normal_price": 11.49,
      "price_per_unit": 22.98,
      "price_unit": "kg",
      "discount_tag": "2e halve prijs",
      "promo_title": "Alle Koffiebonen",
      "validity": "wo 17 t/m vr 26 dec",
      "image_url": "https://www.jumbo.com/dam-images/fit-in/360x360/Products/06082025_1754443004185_1754443008744_706827_ZK_08710435138767_C1N1.png",
      "source_url": "https://www.jumbo.com/aanbiedingen/alle-koffiebonen/3012544"
    },
    {
      "id": "194410PAK",
      "name": "MELITTA BELLA CREMA",
      "brand": "Melitta",
      "category": "Koffie en thee",
      "unit_size": null,
      "offer_price": 14.39,
      "normal_price": 14.39,
      "price_per_unit": 14.39,
      "price_unit": "kg",
      "discount_tag": "2e halve prijs",
      "promo_title": "Alle Koffiebonen",
      "validity": "wo 17 t/m vr 26 dec",
      "image_url": "",
      "source_url": "https://www.jumbo.com/aanbiedingen/alle-koffiebonen/3012544"
    },
    {
      "id": "711238ZK",
      "name": "Jumbo's Holiday Blend Koffiebonen 500 g",
      "brand": "Jumbo's",
      "category": "Koffie en thee",
      "unit_size": "500 g",
      "offer_price": 10.99,
      "normal_price": 10.99,
      "price_per_unit": 21.98,
      "price_unit": "kg",
      "discount_tag": "2e halve prijs",
      "promo_title": "Alle Koffiebonen",
      "validity": "wo 17 t/m vr 26 dec",
      "image_url": "https://www.jumbo.com/dam-images/fit-in/360x360/Products/03102025_1759480551933_1759480561077_8718452928040_596.png",
      "source_url": "https://www.jumbo.com/aanbiedingen/alle-koffiebonen/3012544"
    },
    {
      "id": "206229ZK",
      "name": "__MISSING_PRODUCT__",
      "brand": "Cornelissen Coffeeroasters",
      "category": "Koffie en thee",
      "unit_size": null,
      "offer_price": 15.99,
      "normal_price": 15.99,
      "price_per_unit": 15.99,
      "price_unit": "kg",
      "discount_tag": "2e halve prijs",
      "promo_title": "Alle Koffiebonen",
      "validity": "wo 17 t/m vr 26 dec",
      "image_url": "",
      "source_url": "https://www.jumbo.com/aanbiedingen/alle-koffiebonen/3012544"
    },
    {
      "id": "624762BLK",
      "name": "Illy Arabica Selection Gebrande Koffiebonen Brasile 250g",
      "brand": "Illy",
      "category": "Koffie en thee",
      "unit_size": null,
      "offer_price": 8.49,
      "normal_price": 8.49,
      "price_per_unit": 33.96,
      "price_unit": "kg",
      "discount_tag": "2e halve prijs",
      "promo_title": "Alle Koffiebonen",
      "validity": "wo 17 t/m vr 26 dec",
      "image_url": "https://www.jumbo.com/dam-images/fit-in/360x360/Products/19112025_1763564187114_1763564190528_624762_BLK_08003753214887_C1N1.png",
      "source_url": "https://www.jumbo.com/aanbiedingen/alle-koffiebonen/3012544"
    },
    {
      "id": "646525ZK",
      "name": "Jumbo's Dark Roast Brasil Zoetig & Rijk 1 kg",
      "brand": "Jumbo's",
      "category": "Koffie en thee",
      "unit_size": "1 kg",
      "offer_price": 21.99,
      "normal_price": 21.99,
      "price_per_unit": 21.99,
      "price_unit": "kg",
      "discount_tag": "2e halve prijs",
      "promo_title": "Alle Koffiebonen",
      "validity": "wo 17 t/m vr 26 dec",
      "image_url": "https://www.jumbo.com/dam-images/fit-in/360x360/Products/12122024_1734003202297_1734003207468_8718452850174_1.png",
      "source_url": "https://www.jumbo.com/aanbiedingen/alle-koffiebonen/3012544"
    },
    {
      "id": "684356ZK",
      "name": "Starbucks® Single-Origin Colombia Medium Roast Koffiebonen 450 g",
      "brand": "Starbucks",
      "category": "Koffie en thee",
      "unit_size": "450 g",
      "offer_price": 12.69,
      "normal_price": 12.69,
      "price_per_unit": 28.2,
      "price_unit": "kg",
      "discount_tag": "2e halve prijs",
      "promo_title": "Alle Koffiebonen",
      "validity": "wo 17 t/m vr 26 dec",
      "image_url": "https://www.jumbo.com/dam-images/fit-in/360x360/Products/27112025_1764209221585_1764209228553_684356_ZK_08445290183286_H1N1_s01.png",
      "source_url": "https://www.jumbo.com/aanbiedingen/alle-koffiebonen/3012544"
    },
    {
      "id": "422545ZK",
      "name": "Starbucks® Espresso Dark Roast koffiebonen 450 gram",
      "brand": "Starbucks",
      "category": "Koffie en thee",
      "unit_size": "450 g",
      "offer_price": 12.69,
      "normal_price": 12.69,
      "price_per_unit": 28.2,
      "price_unit": "kg",
      "discount_tag": "2e halve prijs",
      "promo_title": "Alle Koffiebonen",
      "validity": "wo 17 t/m vr 26 dec",
      "image_url": "https://www.jumbo.com/dam-images/fit-in/360x360/Products/07122025_1765072905621_1765072912275_422545_ZK_07613037204889_H1N1_s01.png",
      "source_url": "https://www.jumbo.com/aanbiedingen/alle-koffiebonen/3012544"
    },
    {
      "id": "646526ZK",
      "name": "Jumbo's Dark Roast Brasil Zoetig & Rijk 500 g",
      "brand": "Jumbo's",
      "category": "Koffie en thee",
      "unit_size": "500 g",
      "offer_price": 11.99,
      "normal_price": 11.99,
      "price_per_unit": 23.98,
      "price_unit": "kg",
      "discount_tag": "2e halve prijs",
      "promo_title": "Alle Koffiebonen",
      "validity": "wo 17 t/m vr 26 dec",
      "image_url": "https://www.jumbo.com/dam-images/fit-in/360x360/Products/12122024_1734003202462_1734003208819_8718452850181_1.png",
      "source_url": "https://www.jumbo.com/aanbiedingen/alle-koffiebonen/3012544"
    },
    {
      "id": "615484ZK",
      "name": "Movenpick Espresso Bohnen 1KG",
      "brand": "Movenpick",
      "category": "Koffie en thee",
      "unit_size": null,
      "offer_price": 15.89,
      "normal_price": 15.89,
      "price_per_unit": 15.89,
      "price_unit": "kg",
      "discount_tag": "2e halve prijs",
      "promo_title": "Alle Koffiebonen",
      "validity": "wo 17 t/m vr 26 dec",
      "image_url": "",
      "source_url": "https://www.jumbo.com/aanbiedingen/alle-koffiebonen/3012544"
    },
    {
      "id": "637273ZK",
      "name": "Jumbo's Beste Koffiebonen Crema 1 kg",
      "brand": "Jumbo's",
      "category": "Koffie en thee",
      "unit_size": "1 kg",
      "offer_price": 14.99,
      "normal_price": 14.99,
      "price_per_unit": 14.99,
      "price_unit": "kg",
      "discount_tag": "2e halve prijs",
      "promo_title": "Alle Koffiebonen",
      "validity": "wo 17 t/m vr 26 dec",
      "image_url": "https://www.jumbo.com/dam-images/fit-in/360x360/Products/26092024_1727353959429_1727353964028_8718452848935_1.png",
      "source_url": "https://www.jumbo.com/aanbiedingen/alle-koffiebonen/3012544"
    },
    {
      "id": "591782ZK",
      "name": "Lavazza Espresso Italiano Classico 1Kg koffiebonen",
      "brand": "Lavazza",
      "category": "Koffie en thee",
      "unit_size": null,
      "offer_price": 21.39,
      "normal_price": 21.39,
      "price_per_unit": 21.39,
      "price_unit": "kg",
      "discount_tag": "2e halve prijs",
      "promo_title": "Alle Koffiebonen",
      "validity": "wo 17 t/m vr 26 dec",
      "image_url": "https://www.jumbo.com/dam-images/fit-in/360x360/Products/26112025_1764138214399_1764138224278_591782_ZK_08000070018747_C1N1.png",
      "source_url": "https://www.jumbo.com/aanbiedingen/alle-koffiebonen/3012544"
    },
    {
      "id": "615477ZK",
      "name": "Melitta Barista Espresso Bohnen",
      "brand": "Melitta",
      "category": "Koffie en thee",
      "unit_size": null,
      "offer_price": 13.99,
      "normal_price": 13.99,
      "price_per_unit": 13.99,
      "price_unit": "kg",
      "discount_tag": "2e halve prijs",
      "promo_title": "Alle Koffiebonen",
      "validity": "wo 17 t/m vr 26 dec",
      "image_url": "",
      "source_url": "https://www.jumbo.com/aanbiedingen/alle-koffiebonen/3012544"
    },
    {
      "id": "637274ZK",
      "name": "Jumbo's Beste Koffiebonen Espresso 1 kg",
      "brand": "Jumbo's",
      "category": "Koffie en thee",
      "unit_size": "1 kg",
      "offer_price": 14.99,
      "normal_price": 14.99,
      "price_per_unit": 14.99,
      "price_unit": "kg",
      "discount_tag": "2e halve prijs",
      "promo_title": "Alle Koffiebonen",
      "validity": "wo 17 t/m vr 26 dec",
      "image_url": "https://www.jumbo.com/dam-images/fit-in/360x360/Products/26092024_1727361163458_1727361166958_8718452848942_1.png",
      "source_url": "https://www.jumbo.com/aanbiedingen/alle-koffiebonen/3012544"
    },
    {
      "id": "225488ZK",
      "name": "__MISSING_PRODUCT__",
      "brand": "Cornelissen Coffeeroasters",
      "category": "Koffie en thee",
      "unit_size": null,
      "offer_price": 5.99,
      "normal_price": 5.99,
      "price_per_unit": 17.11,
      "price_unit": "kg",
      "discount_tag": "2e halve prijs",
      "promo_title": "Alle Koffiebonen",
      "validity": "wo 17 t/m vr 26 dec",
      "image_url": "",
      "source_url": "https://www.jumbo.com/aanbiedingen/alle-koffiebonen/3012544"
    },
    {
      "id": "30834ZK",
      "name": "Segafredo Zanetti Intermezzo Koffiebonen 500 g",
      "brand": "Segafredo",
      "category": "Koffie en thee",
      "unit_size": null,
      "offer_price": 11.99,
      "normal_price": 11.99,
      "price_per_unit": 23.98,
      "price_unit": "kg",
      "discount_tag": "2e halve prijs",
      "promo_title": "Alle Koffiebonen",
      "validity": "wo 17 t/m vr 26 dec",
      "image_url": "https://www.jumbo.com/dam-images/fit-in/360x360/Products/28092023_1695919762457_1695919772650_8003410311140_1.png",
      "source_url": "https://www.jumbo.com/aanbiedingen/alle-koffiebonen/3012544"
    },
    {
      "id": "576366ZK",
      "name": "Lavazza Qualità Rossa koffiebonen 1kg",
      "brand": "Lavazza",
      "category": "Koffie en thee",
      "unit_size": null,
      "offer_price": 20.99,
      "normal_price": 20.99,
      "price_per_unit": 20.99,
      "price_unit": "kg",
      "discount_tag": "2e halve prijs",
      "promo_title": "Alle Koffiebonen",
      "validity": "wo 17 t/m vr 26 dec",
      "image_url": "https://www.jumbo.com/dam-images/fit-in/360x360/Products/26112025_1764128389081_1764128400400_576366_ZK_08000070035898_C1N1.png",
      "source_url": "https://www.jumbo.com/aanbiedingen/alle-koffiebonen/3012544"
    },
    {
      "id": "337922ZK",
      "name": "__MISSING_PRODUCT__",
      "brand": "Movenpick",
      "category": "Koffie en thee",
      "unit_size": null,
      "offer_price": 3.19,
      "normal_price": 3.19,
      "price_per_unit": 6.38,
      "price_unit": "kg",
      "discount_tag": "2e halve prijs",
      "promo_title": "Alle Koffiebonen",
      "validity": "wo 17 t/m vr 26 dec",
      "image_url": "",
      "source_url": "https://www.jumbo.com/aanbiedingen/alle-koffiebonen/3012544"
    },
    {
      "id": "705759ZK",
      "name": "Lavazza Tales of Roma Bonen 250g",
      "brand": "Lavazza",
      "category": "Koffie en thee",
      "unit_size": null,
      "offer_price": 8.19,
      "normal_price": 8.19,
      "price_per_unit": 32.76,
      "price_unit": "kg",
      "discount_tag": "2e halve prijs",
      "promo_title": "Alle Koffiebonen",
      "validity": "wo 17 t/m vr 26 dec",
      "image_url": "https://www.jumbo.com/dam-images/fit-in/360x360/Products/19062025_1750325063634_1750325072994_705759_ZK_08000070072558_C1N1.png",
      "source_url": "https://www.jumbo.com/aanbiedingen/alle-koffiebonen/3012544"
    },
    {
      "id": "206227ZK",
      "name": "__MISSING_PRODUCT__",
      "brand": "Cornelissen Coffeeroasters",
      "category": "Koffie en thee",
      "unit_size": null,
      "offer_price": 15.99,
      "normal_price": 15.99,
      "price_per_unit": 15.99,
      "price_unit": "kg",
      "discount_tag": "2e halve prijs",
      "promo_title": "Alle Koffiebonen",
      "validity": "wo 17 t/m vr 26 dec",
      "image_url": "",
      "source_url": "https://www.jumbo.com/aanbiedingen/alle-koffiebonen/3012544"
    },
    {
      "id": "520007ZK",
      "name": "MELITT BELLA SPECIAL",
      "brand": "Melitta",
      "category": "Koffie en thee",
      "unit_size": null,
      "offer_price": 13.99,
      "normal_price": 13.99,
      "price_per_unit": 13.99,
      "price_unit": "kg",
      "discount_tag": "2e halve prijs",
      "promo_title": "Alle Koffiebonen",
      "validity": "wo 17 t/m vr 26 dec",
      "image_url": "",
      "source_url": "https://www.jumbo.com/aanbiedingen/alle-koffiebonen/3012544"
    },
    {
      "id": "422543ZK",
      "name": "Starbucks® Blonde® Espresso Roast koffiebonen 450 gram",
      "brand": "Starbucks",
      "category": "Koffie en thee",
      "unit_size": "450 g",
      "offer_price": 12.69,
      "normal_price": 12.69,
      "price_per_unit": 28.2,
      "price_unit": "kg",
      "discount_tag": "2e halve prijs",
      "promo_title": "Alle Koffiebonen",
      "validity": "wo 17 t/m vr 26 dec",
      "image_url": "https://www.jumbo.com/dam-images/fit-in/360x360/Products/16102024_1729047228440_1729047238049_422543_ZK_07613037204797_H1N1_s01.png",
      "source_url": "https://www.jumbo.com/aanbiedingen/alle-koffiebonen/3012544"
    },
    {
      "id": "646530ZK",
      "name": "Jumbo's Medium Roast Rwanda Cacao & Roodfruit 500 g",
      "brand": "Jumbo's",
      "category": "Koffie en thee",
      "unit_size": "500 g",
      "offer_price": 11.99,
      "normal_price": 11.99,
      "price_per_unit": 23.98,
      "price_unit": "kg",
      "discount_tag": "2e halve prijs",
      "promo_title": "Alle Koffiebonen",
      "validity": "wo 17 t/m vr 26 dec",
      "image_url": "https://www.jumbo.com/dam-images/fit-in/360x360/Products/12122024_1734003202785_1734003209800_8718452850143_1.png",
      "source_url": "https://www.jumbo.com/aanbiedingen/alle-koffiebonen/3012544"
    },
    {
      "id": "30773PAK",
      "name": "Lavazza Crema & Aroma koffiebonen 1KG",
      "brand": "Lavazza",
      "category": "Koffie en thee",
      "unit_size": null,
      "offer_price": 21.39,
      "normal_price": 21.39,
      "price_per_unit": 21.39,
      "price_unit": "kg",
      "discount_tag": "2e halve prijs",
      "promo_title": "Alle Koffiebonen",
      "validity": "wo 17 t/m vr 26 dec",
      "image_url": "",
      "source_url": "https://www.jumbo.com/aanbiedingen/alle-koffiebonen/3012544"
    },
    {
      "id": "30555PAK",
      "name": "Segafredo Zanetti Espresso Casa Gusto Cremoso 500 g",
      "brand": "Segafredo",
      "category": "Koffie en thee",
      "unit_size": "500 g",
      "offer_price": 11.99,
      "normal_price": 11.99,
      "price_per_unit": 23.98,
      "price_unit": "kg",
      "discount_tag": "2e halve prijs",
      "promo_title": "Alle Koffiebonen",
      "validity": "wo 17 t/m vr 26 dec",
      "image_url": "https://www.jumbo.com/dam-images/fit-in/360x360/Products/13122023_1702437950860_1702437965785_30555_PAK_08003410311027_C1N1.png",
      "source_url": "https://www.jumbo.com/aanbiedingen/alle-koffiebonen/3012544"
    },
    {
      "id": "646527ZK",
      "name": "Jumbo's Dark Roast Brasil & Colombia Notig & Cacao 1 kg",
      "brand": "Jumbo's",
      "category": "Koffie en thee",
      "unit_size": "1 kg",
      "offer_price": 21.99,
      "normal_price": 21.99,
      "price_per_unit": 21.99,
      "price_unit": "kg",
      "discount_tag": "2e halve prijs",
      "promo_title": "Alle Koffiebonen",
      "validity": "wo 17 t/m vr 26 dec",
      "image_url": "https://www.jumbo.com/dam-images/fit-in/360x360/Products/12122024_1734003202261_1734003207573_8718452850150_1.png",
      "source_url": "https://www.jumbo.com/aanbiedingen/alle-koffiebonen/3012544"
    },
    {
      "id": "206223ZK",
      "name": "__MISSING_PRODUCT__",
      "brand": "Cornelissen Coffeeroasters",
      "category": "Koffie en thee",
      "unit_size": null,
      "offer_price": 15.99,
      "normal_price": 15.99,
      "price_per_unit": 15.99,
      "price_unit": "kg",
      "discount_tag": "2e halve prijs",
      "promo_title": "Alle Koffiebonen",
      "validity": "wo 17 t/m vr 26 dec",
      "image_url": "",
      "source_url": "https://www.jumbo.com/aanbiedingen/alle-koffiebonen/3012544"
    },
    {
      "id": "713193ZK",
      "name": "Melitta CaféBar Selection Espresso Classic Intense koffiebonen 1 KG",
      "brand": "Melitta",
      "category": "Koffie en thee",
      "unit_size": "1000 g",
      "offer_price": 21.99,
      "normal_price": 21.99,
      "price_per_unit": 21.99,
      "price_unit": "kg",
      "discount_tag": "2e halve prijs",
      "promo_title": "Alle Koffiebonen",
      "validity": "wo 17 t/m vr 26 dec",
      "image_url": "https://www.jumbo.com/dam-images/fit-in/360x360/Products/16122025_1765873968351_1765873972593_4002720004531_1.png",
      "source_url": "https://www.jumbo.com/aanbiedingen/alle-koffiebonen/3012544"
    },
    {
      "id": "525660ZK",
      "name": "DALLMAYR CREMA BONEN",
      "brand": "Dallmayr",
      "category": "Koffie en thee",
      "unit_size": null,
      "offer_price": 15.99,
      "normal_price": 15.99,
      "price_per_unit": 15.99,
      "price_unit": "kg",
      "discount_tag": "2e halve prijs",
      "promo_title": "Alle Koffiebonen",
      "validity": "wo 17 t/m vr 26 dec",
      "image_url": "",
      "source_url": "https://www.jumbo.com/aanbiedingen/alle-koffiebonen/3012544"
    },
    {
      "id": "637272ZK",
      "name": "Jumbo's Beste Koffiebonen Espresso Intenso 1 kg",
      "brand": "Jumbo's",
      "category": "Koffie en thee",
      "unit_size": "1 kg",
      "offer_price": 14.99,
      "normal_price": 14.99,
      "price_per_unit": 14.99,
      "price_unit": "kg",
      "discount_tag": "2e halve prijs",
      "promo_title": "Alle Koffiebonen",
      "validity": "wo 17 t/m vr 26 dec",
      "image_url": "https://www.jumbo.com/dam-images/fit-in/360x360/Products/26092024_1727353959348_1727353963540_8718452848928_1.png",
      "source_url": "https://www.jumbo.com/aanbiedingen/alle-koffiebonen/3012544"
    },
    {
      "id": "206241STK",
      "name": "KOFFIEBLIK",
      "brand": "Cornelissen Coffeeroasters",
      "category": "Koffie en thee",
      "unit_size": null,
      "offer_price": 9.99,
      "normal_price": 9.99,
      "price_per_unit": 9.99,
      "price_unit": "pieces",
      "discount_tag": "2e halve prijs",
      "promo_title": "Alle Koffiebonen",
      "validity": "wo 17 t/m vr 26 dec",
      "image_url": "",
      "source_url": "https://www.jumbo.com/aanbiedingen/alle-koffiebonen/3012544"
    },
    {
      "id": "624764ZK",
      "name": "Wayang Premium Coffee Beans Indonesia 500 g",
      "brand": "Wayang Coffee",
      "category": "Koffie en thee",
      "unit_size": "500 G",
      "offer_price": 11.79,
      "normal_price": 11.79,
      "price_per_unit": 23.58,
      "price_unit": "kg",
      "discount_tag": "2e halve prijs",
      "promo_title": "Alle Koffiebonen",
      "validity": "wo 17 t/m vr 26 dec",
      "image_url": "https://www.jumbo.com/dam-images/fit-in/360x360/Products/14062024_1718350405611_1718350409763_8720938527029_1.png",
      "source_url": "https://www.jumbo.com/aanbiedingen/alle-koffiebonen/3012544"
    },
    {
      "id": "637275ZK",
      "name": "Jumbo's Beste Koffiebonen Decaf 500 g",
      "brand": "Jumbo's",
      "category": "Koffie en thee",
      "unit_size": "500 g",
      "offer_price": 8.69,
      "normal_price": 8.69,
      "price_per_unit": 17.38,
      "price_unit": "kg",
      "discount_tag": "2e halve prijs",
      "promo_title": "Alle Koffiebonen",
      "validity": "wo 17 t/m vr 26 dec",
      "image_url": "https://www.jumbo.com/dam-images/fit-in/360x360/Products/26092024_1727361163559_1727361167850_8718452848959_1.png",
      "source_url": "https://www.jumbo.com/aanbiedingen/alle-koffiebonen/3012544"
    },
    {
      "id": "372105PAK",
      "name": "Café Intención Espresso Intensivo 500 g bonen",
      "brand": "cafe intencion",
      "category": "Koffie en thee",
      "unit_size": "500 g",
      "offer_price": 12.99,
      "normal_price": 12.99,
      "price_per_unit": 25.98,
      "price_unit": "kg",
      "discount_tag": "2e halve prijs",
      "promo_title": "Alle Koffiebonen",
      "validity": "wo 17 t/m vr 26 dec",
      "image_url": "https://www.jumbo.com/dam-images/fit-in/360x360/Products/28092023_1695920842579_1695920845554_4006581020983_1.png",
      "source_url": "https://www.jumbo.com/aanbiedingen/alle-koffiebonen/3012544"
    },
    {
      "id": "637271ZK",
      "name": "Jumbo's Beste Koffiebonen Dark Roast 1 kg",
      "brand": "Jumbo's",
      "category": "Koffie en thee",
      "unit_size": "1 kg",
      "offer_price": 14.99,
      "normal_price": 14.99,
      "price_per_unit": 14.99,
      "price_unit": "kg",
      "discount_tag": "2e halve prijs",
      "promo_title": "Alle Koffiebonen",
      "validity": "wo 17 t/m vr 26 dec",
      "image_url": "https://www.jumbo.com/dam-images/fit-in/360x360/Products/26092024_1727353959345_1727353962666_8718452848911_1.png",
      "source_url": "https://www.jumbo.com/aanbiedingen/alle-koffiebonen/3012544"
    },
    {
      "id": "226823STK",
      "name": "illy Classico Coffee Beans 250 g",
      "brand": "Illy",
      "category": "Koffie en thee",
      "unit_size": null,
      "offer_price": 8.49,
      "normal_price": 8.49,
      "price_per_unit": 33.96,
      "price_unit": "kg",
      "discount_tag": "2e halve prijs",
      "promo_title": "Alle Koffiebonen",
      "validity": "wo 17 t/m vr 26 dec",
      "image_url": "https://www.jumbo.com/dam-images/fit-in/360x360/Products/19112025_1763525985794_1763525988168_226823_STK_08003753900520_C1N1.png",
      "source_url": "https://www.jumbo.com/aanbiedingen/alle-koffiebonen/3012544"
    },
    {
      "id": "422544ZK",
      "name": "Starbucks® Pike Place Medium Roast koffiebonen 450 gram",
      "brand": "Starbucks",
      "category": "Koffie en thee",
      "unit_size": "450 g",
      "offer_price": 12.69,
      "normal_price": 12.69,
      "price_per_unit": 28.2,
      "price_unit": "kg",
      "discount_tag": "2e halve prijs",
      "promo_title": "Alle Koffiebonen",
      "validity": "wo 17 t/m vr 26 dec",
      "image_url": "https://www.jumbo.com/dam-images/fit-in/360x360/Products/16102024_1729047239298_1729047246911_422544_ZK_07613287008497_H1N1_s01.png",
      "source_url": "https://www.jumbo.com/aanbiedingen/alle-koffiebonen/3012544"
    },
    {
      "id": "646529ZK",
      "name": "Jumbo's Dark Roast Brasil & Colombia Notig & Cacao 500 g",
      "brand": "Jumbo's",
      "category": "Koffie en thee",
      "unit_size": "500 g",
      "offer_price": 11.99,
      "normal_price": 11.99,
      "price_per_unit": 23.98,
      "price_unit": "kg",
      "discount_tag": "2e halve prijs",
      "promo_title": "Alle Koffiebonen",
      "validity": "wo 17 t/m vr 26 dec",
      "image_url": "https://www.jumbo.com/dam-images/fit-in/360x360/Products/12122024_1734003202823_1734003210595_8718452850167_1.png",
      "source_url": "https://www.jumbo.com/aanbiedingen/alle-koffiebonen/3012544"
    },
    {
      "id": "214881ZK",
      "name": "Segafredo Zanetti Selezione Espresso Koffiebonen 500 g",
      "brand": "Segafredo",
      "category": "Koffie en thee",
      "unit_size": "500 g",
      "offer_price": 11.99,
      "normal_price": 11.99,
      "price_per_unit": 23.98,
      "price_unit": "kg",
      "discount_tag": "2e halve prijs",
      "promo_title": "Alle Koffiebonen",
      "validity": "wo 17 t/m vr 26 dec",
      "image_url": "https://www.jumbo.com/dam-images/fit-in/360x360/Products/05102023_1696498562649_1696498568658_9001810011546_1.png",
      "source_url": "https://www.jumbo.com/aanbiedingen/alle-koffiebonen/3012544"
    },
    {
      "id": "624741ZK",
      "name": "Fairtrade Original Dark Roast Bonen 500g",
      "brand": "Fair trade",
      "category": "Koffie en thee",
      "unit_size": null,
      "offer_price": 11.99,
      "normal_price": 11.99,
      "price_per_unit": 23.98,
      "price_unit": "kg",
      "discount_tag": "2e halve prijs",
      "promo_title": "Alle Koffiebonen",
      "validity": "wo 17 t/m vr 26 dec",
      "image_url": "https://www.jumbo.com/dam-images/fit-in/360x360/Products/13082024_1723514969553_1723514973009_624741_ZK_08711741360095_C1N1.png",
      "source_url": "https://www.jumbo.com/aanbiedingen/alle-koffiebonen/3012544"
    },
    {
      "id": "711274ZK",
      "name": "Jumbo's Forte Koffiebonen 500 g",
      "brand": "Jumbo's",
      "category": "Koffie en thee",
      "unit_size": "500 g",
      "offer_price": 10.99,
      "normal_price": 10.99,
      "price_per_unit": 21.98,
      "price_unit": "kg",
      "discount_tag": "2e halve prijs",
      "promo_title": "Alle Koffiebonen",
      "validity": "wo 17 t/m vr 26 dec",
      "image_url": "https://www.jumbo.com/dam-images/fit-in/360x360/Products/03102025_1759480551961_1759480566624_8718452928019_596.png",
      "source_url": "https://www.jumbo.com/aanbiedingen/alle-koffiebonen/3012544"
    },
    {
      "id": "16496ZK",
      "name": "DALLMAYR CREMA INTENSA",
      "brand": "Dallmayr",
      "category": "Koffie en thee",
      "unit_size": null,
      "offer_price": 15.99,
      "normal_price": 15.99,
      "price_per_unit": 15.99,
      "price_unit": "kg",
      "discount_tag": "2e halve prijs",
      "promo_title": "Alle Koffiebonen",
      "validity": "wo 17 t/m vr 26 dec",
      "image_url": "",
      "source_url": "https://www.jumbo.com/aanbiedingen/alle-koffiebonen/3012544"
    },
    {
      "id": "713190ZK",
      "name": "Melitta CaféBar Selection Crema Gold koffiebonen 1 KG",
      "brand": "Melitta",
      "category": "Koffie en thee",
      "unit_size": "1000 g",
      "offer_price": 21.99,
      "normal_price": 21.99,
      "price_per_unit": 21.99,
      "price_unit": "kg",
      "discount_tag": "2e halve prijs",
      "promo_title": "Alle Koffiebonen",
      "validity": "wo 17 t/m vr 26 dec",
      "image_url": "https://www.jumbo.com/dam-images/fit-in/360x360/Products/16122025_1765873968362_1765873973010_4002720004524_1.png",
      "source_url": "https://www.jumbo.com/aanbiedingen/alle-koffiebonen/3012544"
    },
    {
      "id": "520004ZK",
      "name": "MELITTA BELLA ESPRES",
      "brand": "Melitta",
      "category": "Koffie en thee",
      "unit_size": null,
      "offer_price": 13.99,
      "normal_price": 13.99,
      "price_per_unit": 13.99,
      "price_unit": "kg",
      "discount_tag": "2e halve prijs",
      "promo_title": "Alle Koffiebonen",
      "validity": "wo 17 t/m vr 26 dec",
      "image_url": "",
      "source_url": "https://www.jumbo.com/aanbiedingen/alle-koffiebonen/3012544"
    },
    {
      "id": "615882ZK",
      "name": "Jacobs Kronung Caffe Crema Bohnen 1KG",
      "brand": "Jacobs",
      "category": "Koffie en thee",
      "unit_size": null,
      "offer_price": 14.99,
      "normal_price": 14.99,
      "price_per_unit": 14.99,
      "price_unit": "kg",
      "discount_tag": "2e halve prijs",
      "promo_title": "Alle Koffiebonen",
      "validity": "wo 17 t/m vr 26 dec",
      "image_url": "",
      "source_url": "https://www.jumbo.com/aanbiedingen/alle-koffiebonen/3012544"
    },
    {
      "id": "706828ZK",
      "name": "Bialetti Espresso Grani Classico 500g",
      "brand": "Bialetti",
      "category": "Koffie en thee",
      "unit_size": null,
      "offer_price": 13.29,
      "normal_price": 13.29,
      "price_per_unit": 26.58,
      "price_unit": "kg",
      "discount_tag": "2e halve prijs",
      "promo_title": "Alle Koffiebonen",
      "validity": "wo 17 t/m vr 26 dec",
      "image_url": "https://www.jumbo.com/dam-images/fit-in/360x360/Products/26062025_1750941230382_1750941234350_706828_ZK_08006363032179_C1N1.png",
      "source_url": "https://www.jumbo.com/aanbiedingen/alle-koffiebonen/3012544"
    },
    {
      "id": "646532ZK",
      "name": "Jumbo's Light Roast Ethiopia Bloemig & Complex 500 g",
      "brand": "Jumbo's",
      "category": "Koffie en thee",
      "unit_size": "500 g",
      "offer_price": 12.99,
      "normal_price": 12.99,
      "price_per_unit": 25.98,
      "price_unit": "kg",
      "discount_tag": "2e halve prijs",
      "promo_title": "Alle Koffiebonen",
      "validity": "wo 17 t/m vr 26 dec",
      "image_url": "https://www.jumbo.com/dam-images/fit-in/360x360/Products/12122024_1734003202495_1734003211696_8718452850204_1.png",
      "source_url": "https://www.jumbo.com/aanbiedingen/alle-koffiebonen/3012544"
    },
    {
      "id": "538728TRL",
      "name": "Red Bull Energy Drink Tray - 24 x 250ml",
      "brand": "Red Bull",
      "category": "Frisdrank en sappen",
      "unit_size": "24 x 250 ml",
      "offer_price": 29.99,
      "normal_price": 34.95,
      "price_per_unit": 5.0,
      "price_unit": "l",
      "discount_tag": "voor 29,99",
      "promo_title": "Red Bull trays",
      "validity": "wo 3 t/m wo 31 dec",
      "image_url": "https://www.jumbo.com/dam-images/fit-in/360x360/Products/06052024_1714991590256_1714991595824_9002490259143_1.png",
      "source_url": "https://www.jumbo.com/aanbiedingen/red-bull-trays/3012277"
    },
    {
      "id": "539113TRL",
      "name": "Red Bull Energy Drink Zero Tray - 24 x 250ml",
      "brand": "Red Bull",
      "category": "Frisdrank en sappen",
      "unit_size": "24 x 250 ml",
      "offer_price": 29.99,
      "normal_price": 34.95,
      "price_per_unit": 5.0,
      "price_unit": "l",
      "discount_tag": "voor 29,99",
      "promo_title": "Red Bull trays",
      "validity": "wo 3 t/m wo 31 dec",
      "image_url": "https://www.jumbo.com/dam-images/fit-in/360x360/Products/09012025_1736433168756_1736433175164_9002490259136_1.png",
      "source_url": "https://www.jumbo.com/aanbiedingen/red-bull-trays/3012277"
    },
    {
      "id": "537671DSL",
      "name": "Red Bull Energy Drink Suikervrij Tray - 24 x 250ml",
      "brand": "Red Bull",
      "category": "Frisdrank en sappen",
      "unit_size": "24 x 250 ml",
      "offer_price": 29.99,
      "normal_price": 34.95,
      "price_per_unit": 5.0,
      "price_unit": "l",
      "discount_tag": "voor 29,99",
      "promo_title": "Red Bull trays",
      "validity": "wo 3 t/m wo 31 dec",
      "image_url": "https://www.jumbo.com/dam-images/fit-in/360x360/Products/22032024_1711121826565_1711121832828_9002490259204_1.png",
      "source_url": "https://www.jumbo.com/aanbiedingen/red-bull-trays/3012277"
    },
    {
      "id": "712418PAK",
      "name": "Coca-Cola Light 5+1 Gratis - Fles - 6 x 1,5 L",
      "brand": "Coca-Cola",
      "category": "Frisdrank en sappen",
      "unit_size": null,
      "offer_price": 14.45,
      "normal_price": 14.45,
      "price_per_unit": 1.61,
      "price_unit": "l",
      "discount_tag": "Gratis set kerstkaarten",
      "promo_title": "Gratis set kerstkaarten bij aankoop van een Coca-Cola 5+1 pack",
      "validity": "wo 3 t/m wo 24 dec",
      "image_url": "https://www.jumbo.com/dam-images/fit-in/360x360/Products/04082025_1754291657121_1754291665792_712418_PAK_05000112647136_H1N1.png",
      "source_url": "https://www.jumbo.com/aanbiedingen/gratis-set-kerstkaarten-bij-aankoop-van-een-coca-cola-5+1-pack/3012668"
    },
    {
      "id": "712417PAK",
      "name": "Coca-Cola Original Taste 5+1 Gratis PET Fles 6 x 1,5 L",
      "brand": "Coca-Cola",
      "category": "Frisdrank en sappen",
      "unit_size": "6 x 1.5 L",
      "offer_price": 14.45,
      "normal_price": 14.45,
      "price_per_unit": 1.61,
      "price_unit": "l",
      "discount_tag": "Gratis set kerstkaarten",
      "promo_title": "Gratis set kerstkaarten bij aankoop van een Coca-Cola 5+1 pack",
      "validity": "wo 3 t/m wo 24 dec",
      "image_url": "https://www.jumbo.com/dam-images/fit-in/360x360/Products/03122025_1764730845182_1764730855417_712417_PAK_05000112620559_H1N1.png",
      "source_url": "https://www.jumbo.com/aanbiedingen/gratis-set-kerstkaarten-bij-aankoop-van-een-coca-cola-5+1-pack/3012668"
    },
    {
      "id": "712419PAK",
      "name": "Coca-Cola Zero Sugar 5+1 Gratis PET Fles 6 x 1,5 L",
      "brand": "Coca-Cola",
      "category": "Frisdrank en sappen",
      "unit_size": "6 x 1.5 L",
      "offer_price": 14.45,
      "normal_price": 14.45,
      "price_per_unit": 1.61,
      "price_unit": "l",
      "discount_tag": "Gratis set kerstkaarten",
      "promo_title": "Gratis set kerstkaarten bij aankoop van een Coca-Cola 5+1 pack",
      "validity": "wo 3 t/m wo 24 dec",
      "image_url": "https://www.jumbo.com/dam-images/fit-in/360x360/Products/03122025_1764730639870_1764730649421_712419_PAK_05000112646856_H1N1.png",
      "source_url": "https://www.jumbo.com/aanbiedingen/gratis-set-kerstkaarten-bij-aankoop-van-een-coca-cola-5+1-pack/3012668"
    },
    {
      "id": "865605FLS",
      "name": "Zwarte Kip - Advocaat - 500ML",
      "brand": "Zwarte Kip",
      "category": "Bier en wijn",
      "unit_size": null,
      "offer_price": 5.49,
      "normal_price": 6.49,
      "price_per_unit": 10.98,
      "price_unit": "l",
      "discount_tag": "voor 5,49",
      "promo_title": "Zwarte Kip Advocaat",
      "validity": "wo 17 t/m vr 26 dec",
      "image_url": "https://www.jumbo.com/dam-images/fit-in/360x360/Products/09082023_1691584711286_1691584721546_8716000964632_1.png",
      "source_url": "https://www.jumbo.com/aanbiedingen/zwarte-kip-advocaat/3012531"
    },
    {
      "id": "707470DS",
      "name": "Cornet Oaked Blond 4x330ML",
      "brand": "Cornet",
      "category": "Bier en wijn",
      "unit_size": null,
      "offer_price": 5.99,
      "normal_price": 7.99,
      "price_per_unit": 6.05,
      "price_unit": "l",
      "discount_tag": "25% korting",
      "promo_title": "Weihenstephaner, Cornet, 8.6 of pils van Bavaria",
      "validity": "wo 17 t/m vr 26 dec",
      "image_url": "https://www.jumbo.com/dam-images/fit-in/360x360/Products/05410783004624C1N198363a9f-c3e1-4979-a19a-6d3e8633d5d0-1754902612997.png",
      "source_url": "https://www.jumbo.com/aanbiedingen/weihenstephaner-cornet-86-of-pils-van-bavaria/3012493"
    },
    {
      "id": "583696PAK",
      "name": "Bavaria - Pilsener - Blik - 6 x 500ML",
      "brand": "Bavaria",
      "category": "Bier en wijn",
      "unit_size": "6 x 500 mL",
      "offer_price": 5.24,
      "normal_price": 6.99,
      "price_per_unit": 1.75,
      "price_unit": "l",
      "discount_tag": "25% korting",
      "promo_title": "Weihenstephaner, Cornet, 8.6 of pils van Bavaria",
      "validity": "wo 17 t/m vr 26 dec",
      "image_url": "https://www.jumbo.com/dam-images/fit-in/360x360/Products/05082024_1722816020477_1722816027393_8714800046688_1.png",
      "source_url": "https://www.jumbo.com/aanbiedingen/weihenstephaner-cornet-86-of-pils-van-bavaria/3012493"
    },
    {
      "id": "646814BLK",
      "name": "8.6 Original Blik 500ML",
      "brand": "8.6",
      "category": "Bier en wijn",
      "unit_size": null,
      "offer_price": 1.49,
      "normal_price": 1.99,
      "price_per_unit": 2.98,
      "price_unit": "l",
      "discount_tag": "25% korting",
      "promo_title": "Weihenstephaner, Cornet, 8.6 of pils van Bavaria",
      "validity": "wo 17 t/m vr 26 dec",
      "image_url": "https://www.jumbo.com/dam-images/fit-in/360x360/Products/18122024_1734534783555_1734534785961_646814_BLK_08714800046534_C1N1.png",
      "source_url": "https://www.jumbo.com/aanbiedingen/weihenstephaner-cornet-86-of-pils-van-bavaria/3012493"
    },
    {
      "id": "426824FLS",
      "name": "Weihenstephaner - Hefeweissbier - Fles - 500ML",
      "brand": "Weihenstephaner",
      "category": "Bier en wijn",
      "unit_size": null,
      "offer_price": 1.56,
      "normal_price": 2.09,
      "price_per_unit": 3.12,
      "price_unit": "l",
      "discount_tag": "25% korting",
      "promo_title": "Weihenstephaner, Cornet, 8.6 of pils van Bavaria",
      "validity": "wo 17 t/m vr 26 dec",
      "image_url": "https://www.jumbo.com/dam-images/fit-in/360x360/Products/09082023_1691585252526_1691585267754_4105120033948_1.png",
      "source_url": "https://www.jumbo.com/aanbiedingen/weihenstephaner-cornet-86-of-pils-van-bavaria/3012493"
    },
    {
      "id": "704054FLS",
      "name": "Weihenstephan Vitus 500ML",
      "brand": "Weihenstephaner",
      "category": "Bier en wijn",
      "unit_size": null,
      "offer_price": 2.16,
      "normal_price": 2.89,
      "price_per_unit": 4.32,
      "price_unit": "l",
      "discount_tag": "25% korting",
      "promo_title": "Weihenstephaner, Cornet, 8.6 of pils van Bavaria",
      "validity": "wo 17 t/m vr 26 dec",
      "image_url": "https://www.jumbo.com/dam-images/fit-in/360x360/Products/11062025_1749643995022_1749643999616_704054_FLS_04105120004108_C1N1.png",
      "source_url": "https://www.jumbo.com/aanbiedingen/weihenstephaner-cornet-86-of-pils-van-bavaria/3012493"
    },
    {
      "id": "573018TRA",
      "name": "8.6 Extreme - Bier - Blik - 4 x 500ML",
      "brand": "8.6",
      "category": "Bier en wijn",
      "unit_size": "4 x 500 mL",
      "offer_price": 6.51,
      "normal_price": 8.69,
      "price_per_unit": 3.26,
      "price_unit": "l",
      "discount_tag": "25% korting",
      "promo_title": "Weihenstephaner, Cornet, 8.6 of pils van Bavaria",
      "validity": "wo 17 t/m vr 26 dec",
      "image_url": "https://www.jumbo.com/dam-images/fit-in/360x360/Products/05082024_1722816020508_1722816025976_8714800047869_1.png",
      "source_url": "https://www.jumbo.com/aanbiedingen/weihenstephaner-cornet-86-of-pils-van-bavaria/3012493"
    },
    {
      "id": "538303PAK",
      "name": "Bavaria - Pilsener - Blik - 6 x 330ML",
      "brand": "Bavaria",
      "category": "Bier en wijn",
      "unit_size": null,
      "offer_price": 4.49,
      "normal_price": 5.99,
      "price_per_unit": 2.27,
      "price_unit": "l",
      "discount_tag": "25% korting",
      "promo_title": "Weihenstephaner, Cornet, 8.6 of pils van Bavaria",
      "validity": "wo 17 t/m vr 26 dec",
      "image_url": "https://www.jumbo.com/dam-images/fit-in/360x360/Products/08714800046640H1N16ac387c2-4bc1-46d1-bfdc-48f56fa73506-1719316576676.png",
      "source_url": "https://www.jumbo.com/aanbiedingen/weihenstephaner-cornet-86-of-pils-van-bavaria/3012493"
    },
    {
      "id": "594424FLS",
      "name": "Weihenstephaner Korbinian Dubbelbock Fles 500ML",
      "brand": "Weihenstephaner",
      "category": "Bier en wijn",
      "unit_size": "500 mL",
      "offer_price": 2.16,
      "normal_price": 2.89,
      "price_per_unit": 4.32,
      "price_unit": "l",
      "discount_tag": "25% korting",
      "promo_title": "Weihenstephaner, Cornet, 8.6 of pils van Bavaria",
      "validity": "wo 17 t/m vr 26 dec",
      "image_url": "https://www.jumbo.com/dam-images/fit-in/360x360/Products/31012025_1738291548292_1738291556221_594424_FLS_04105120004504_C1N1.png",
      "source_url": "https://www.jumbo.com/aanbiedingen/weihenstephaner-cornet-86-of-pils-van-bavaria/3012493"
    },
    {
      "id": "669823DS",
      "name": "Cornet Oaked Gold Blond 5,8% 4x330ML",
      "brand": "Cornet",
      "category": "Bier en wijn",
      "unit_size": null,
      "offer_price": 5.24,
      "normal_price": 6.99,
      "price_per_unit": 5.3,
      "price_unit": "l",
      "discount_tag": "25% korting",
      "promo_title": "Weihenstephaner, Cornet, 8.6 of pils van Bavaria",
      "validity": "wo 17 t/m vr 26 dec",
      "image_url": "https://www.jumbo.com/dam-images/fit-in/360x360/Products/05410783010939C1N13c99a09f-09d3-43a2-8921-598107ba4a17-1741005667942.png",
      "source_url": "https://www.jumbo.com/aanbiedingen/weihenstephaner-cornet-86-of-pils-van-bavaria/3012493"
    },
    {
      "id": "431091DSL",
      "name": "Spa TOUCH Bruisend Grapefruit 6 x 50 cl",
      "brand": "Spa",
      "category": "Frisdrank en sappen",
      "unit_size": "6 x 50 cl",
      "offer_price": 4.99,
      "normal_price": 7.19,
      "price_per_unit": 1.66,
      "price_unit": "l",
      "discount_tag": "voor 4,99",
      "promo_title": "Spa Touch",
      "validity": "wo 3 t/m wo 31 dec",
      "image_url": "https://www.jumbo.com/dam-images/fit-in/360x360/Products/16082023_1692178383825_1692178389545_5410013154433_1.png",
      "source_url": "https://www.jumbo.com/aanbiedingen/spa-touch/3012294"
    },
    {
      "id": "431083DSL",
      "name": "Spa Touch Bruisend Lemon 6 x 50 cl",
      "brand": "Spa",
      "category": "Frisdrank en sappen",
      "unit_size": "6 x 50 cl",
      "offer_price": 4.99,
      "normal_price": 7.39,
      "price_per_unit": 1.66,
      "price_unit": "l",
      "discount_tag": "voor 4,99",
      "promo_title": "Spa Touch",
      "validity": "wo 3 t/m wo 31 dec",
      "image_url": "https://www.jumbo.com/dam-images/fit-in/360x360/Products/16082023_1692178383807_1692178389737_5410013194019_1.png",
      "source_url": "https://www.jumbo.com/aanbiedingen/spa-touch/3012294"
    },
    {
      "id": "431089DSL",
      "name": "Spa TOUCH Bruisend Blackcurrant 6 x 50 cl",
      "brand": "Spa",
      "category": "Frisdrank en sappen",
      "unit_size": "6 x 50 cl",
      "offer_price": 4.99,
      "normal_price": 7.09,
      "price_per_unit": 1.66,
      "price_unit": "l",
      "discount_tag": "voor 4,99",
      "promo_title": "Spa Touch",
      "validity": "wo 3 t/m wo 31 dec",
      "image_url": "https://www.jumbo.com/dam-images/fit-in/360x360/Products/19122023_1703000111395_1703000115214_5410013154815_1.png",
      "source_url": "https://www.jumbo.com/aanbiedingen/spa-touch/3012294"
    },
    {
      "id": "431096DSL",
      "name": "SPA TOUCH Bruisend Watermelon Kiwi 6 x 50cl",
      "brand": "Spa",
      "category": "Frisdrank en sappen",
      "unit_size": "6 x 50 cl",
      "offer_price": 4.99,
      "normal_price": 7.39,
      "price_per_unit": 1.66,
      "price_unit": "l",
      "discount_tag": "voor 4,99",
      "promo_title": "Spa Touch",
      "validity": "wo 3 t/m wo 31 dec",
      "image_url": "https://www.jumbo.com/dam-images/fit-in/360x360/Products/12042024_1712910907999_1712910913543_5410013163732_1.png",
      "source_url": "https://www.jumbo.com/aanbiedingen/spa-touch/3012294"
    },
    {
      "id": "815721FLS",
      "name": "Offley Tawny Porto 750 ml",
      "brand": "OFFLEY",
      "category": "Bier en wijn",
      "unit_size": "750 ml",
      "offer_price": 6.99,
      "normal_price": 8.99,
      "price_per_unit": 9.32,
      "price_unit": "l",
      "discount_tag": "voor 6,99",
      "promo_title": "Offley Port",
      "validity": "wo 17 t/m vr 26 dec",
      "image_url": "https://www.jumbo.com/dam-images/fit-in/360x360/Products/20112025_1763659950584_1763659953872_5601034001503_1.png",
      "source_url": "https://www.jumbo.com/aanbiedingen/offley-port/3012562"
    },
    {
      "id": "525030FLS",
      "name": "Offley Ruby Porto 750 ml",
      "brand": "OFFLEY",
      "category": "Bier en wijn",
      "unit_size": "750 ml",
      "offer_price": 6.99,
      "normal_price": 8.99,
      "price_per_unit": 9.32,
      "price_unit": "l",
      "discount_tag": "voor 6,99",
      "promo_title": "Offley Port",
      "validity": "wo 17 t/m vr 26 dec",
      "image_url": "https://www.jumbo.com/dam-images/fit-in/360x360/Products/20112025_1763659950492_1763659954072_5601034000506_1.png",
      "source_url": "https://www.jumbo.com/aanbiedingen/offley-port/3012562"
    },
    {
      "id": "523127FLS",
      "name": "Offley White Porto 750 ml",
      "brand": "OFFLEY",
      "category": "Bier en wijn",
      "unit_size": "750 ml",
      "offer_price": 6.99,
      "normal_price": 8.99,
      "price_per_unit": 9.32,
      "price_unit": "l",
      "discount_tag": "voor 6,99",
      "promo_title": "Offley Port",
      "validity": "wo 17 t/m vr 26 dec",
      "image_url": "https://www.jumbo.com/dam-images/fit-in/360x360/Products/20112025_1763659950434_1763659954156_5601034002500_1.png",
      "source_url": "https://www.jumbo.com/aanbiedingen/offley-port/3012562"
    },
    {
      "id": "514110FLS",
      "name": "Karvan Cévitam Bosvruchten Original Siroop, 600 ml",
      "brand": "Karvan Cevitam",
      "category": "Frisdrank en sappen",
      "unit_size": null,
      "offer_price": 4.29,
      "normal_price": 4.29,
      "price_per_unit": 7.15,
      "price_unit": "l",
      "discount_tag": "2 voor 6,00",
      "promo_title": "Karvan Cévitam",
      "validity": "wo 3 t/m wo 31 dec",
      "image_url": "https://www.jumbo.com/dam-images/fit-in/360x360/Products/08082025_1754616711690_1754616717777_514110_FLS_08715700122465_H1N1.png",
      "source_url": "https://www.jumbo.com/aanbiedingen/karvan-cevitam/3012067"
    },
    {
      "id": "172158DS",
      "name": "Karvan Cévitam GO Cassis Siroop, 48 ml",
      "brand": "Karvan Cevitam",
      "category": "Frisdrank en sappen",
      "unit_size": null,
      "offer_price": 3.99,
      "normal_price": 3.99,
      "price_per_unit": 83.12,
      "price_unit": "l",
      "discount_tag": "2 voor 6,00",
      "promo_title": "Karvan Cévitam",
      "validity": "wo 3 t/m wo 31 dec",
      "image_url": "https://www.jumbo.com/dam-images/fit-in/360x360/Products/30112025_1764470783756_1764470790694_172158_DS_00000050157808_H1N1.png",
      "source_url": "https://www.jumbo.com/aanbiedingen/karvan-cevitam/3012067"
    },
    {
      "id": "512209FLS",
      "name": "Karvan Cévitam Citroen Original Siroop, 600 ml",
      "brand": "Karvan Cevitam",
      "category": "Frisdrank en sappen",
      "unit_size": null,
      "offer_price": 3.95,
      "normal_price": 3.95,
      "price_per_unit": 6.58,
      "price_unit": "l",
      "discount_tag": "2 voor 6,00",
      "promo_title": "Karvan Cévitam",
      "validity": "wo 3 t/m wo 31 dec",
      "image_url": "https://www.jumbo.com/dam-images/fit-in/360x360/Products/22012025_1737514823715_1737514829004_512209_FLS_08715700122441_H1N1.png",
      "source_url": "https://www.jumbo.com/aanbiedingen/karvan-cevitam/3012067"
    },
    {
      "id": "512205FLS",
      "name": "Karvan Cévitam Tropical Original Siroop, 600 ml",
      "brand": "Karvan Cevitam",
      "category": "Frisdrank en sappen",
      "unit_size": null,
      "offer_price": 4.29,
      "normal_price": 4.29,
      "price_per_unit": 7.15,
      "price_unit": "l",
      "discount_tag": "2 voor 6,00",
      "promo_title": "Karvan Cévitam",
      "validity": "wo 3 t/m wo 31 dec",
      "image_url": "https://www.jumbo.com/dam-images/fit-in/360x360/Products/25042025_1745546767873_1745546774149_512205_FLS_08715700122397_H1N1.png",
      "source_url": "https://www.jumbo.com/aanbiedingen/karvan-cevitam/3012067"
    },
    {
      "id": "606764FLS",
      "name": "Karvan Cévitam Zero Limoen en Munt Siroop 600 ml",
      "brand": "Karvan Cevitam",
      "category": "Frisdrank en sappen",
      "unit_size": null,
      "offer_price": 4.29,
      "normal_price": 4.29,
      "price_per_unit": 7.15,
      "price_unit": "l",
      "discount_tag": "2 voor 6,00",
      "promo_title": "Karvan Cévitam",
      "validity": "wo 3 t/m wo 31 dec",
      "image_url": "https://www.jumbo.com/dam-images/fit-in/360x360/Products/06082025_1754442381268_1754442387844_606764_FLS_08710395948734_H1N1.png",
      "source_url": "https://www.jumbo.com/aanbiedingen/karvan-cevitam/3012067"
    },
    {
      "id": "580153FLS",
      "name": "Karvan Cévitam Zero Multivruchten Siroop 600 ml",
      "brand": "Karvan Cevitam",
      "category": "Frisdrank en sappen",
      "unit_size": null,
      "offer_price": 4.29,
      "normal_price": 4.29,
      "price_per_unit": 7.15,
      "price_unit": "l",
      "discount_tag": "2 voor 6,00",
      "promo_title": "Karvan Cévitam",
      "validity": "wo 3 t/m wo 31 dec",
      "image_url": "https://www.jumbo.com/dam-images/fit-in/360x360/Products/19112025_1763518139382_1763518145873_580153_FLS_08710395948659_H1N1.png",
      "source_url": "https://www.jumbo.com/aanbiedingen/karvan-cevitam/3012067"
    },
    {
      "id": "512206FLS",
      "name": "Karvan Cévitam Sinaasappel Original Siroop, 600 ml",
      "brand": "Karvan Cevitam",
      "category": "Frisdrank en sappen",
      "unit_size": null,
      "offer_price": 4.29,
      "normal_price": 4.29,
      "price_per_unit": 7.15,
      "price_unit": "l",
      "discount_tag": "2 voor 6,00",
      "promo_title": "Karvan Cévitam",
      "validity": "wo 3 t/m wo 31 dec",
      "image_url": "https://www.jumbo.com/dam-images/fit-in/360x360/Products/25042025_1745546654386_1745546659723_512206_FLS_08715700122410_H1N1.png",
      "source_url": "https://www.jumbo.com/aanbiedingen/karvan-cevitam/3012067"
    },
    {
      "id": "153724BLK",
      "name": "Karvan Cévitam GO Rood Fruit Siroop, 48 ml",
      "brand": "Karvan Cevitam",
      "category": "Frisdrank en sappen",
      "unit_size": null,
      "offer_price": 3.99,
      "normal_price": 3.99,
      "price_per_unit": 83.12,
      "price_unit": "l",
      "discount_tag": "2 voor 6,00",
      "promo_title": "Karvan Cévitam",
      "validity": "wo 3 t/m wo 31 dec",
      "image_url": "https://www.jumbo.com/dam-images/fit-in/360x360/Products/30112025_1764472547078_1764472554330_153724_BLK_00000087157666_H1N1.png",
      "source_url": "https://www.jumbo.com/aanbiedingen/karvan-cevitam/3012067"
    },
    {
      "id": "512208FLS",
      "name": "Karvan Cévitam Framboos Original Siroop, 600 ml",
      "brand": "Karvan Cevitam",
      "category": "Frisdrank en sappen",
      "unit_size": null,
      "offer_price": 4.29,
      "normal_price": 4.29,
      "price_per_unit": 7.15,
      "price_unit": "l",
      "discount_tag": "2 voor 6,00",
      "promo_title": "Karvan Cévitam",
      "validity": "wo 3 t/m wo 31 dec",
      "image_url": "https://www.jumbo.com/dam-images/fit-in/360x360/Products/08082025_1754618852280_1754618859471_512208_FLS_08715700122427_H1N1.png",
      "source_url": "https://www.jumbo.com/aanbiedingen/karvan-cevitam/3012067"
    },
    {
      "id": "580154FLS",
      "name": "Karvan Cévitam Zero Cassis Siroop 600 ml",
      "brand": "Karvan Cevitam",
      "category": "Frisdrank en sappen",
      "unit_size": null,
      "offer_price": 4.29,
      "normal_price": 4.29,
      "price_per_unit": 7.15,
      "price_unit": "l",
      "discount_tag": "2 voor 6,00",
      "promo_title": "Karvan Cévitam",
      "validity": "wo 3 t/m wo 31 dec",
      "image_url": "https://www.jumbo.com/dam-images/fit-in/360x360/Products/07112025_1762481308846_1762481314604_580154_FLS_08710395948666_H1N1.png",
      "source_url": "https://www.jumbo.com/aanbiedingen/karvan-cevitam/3012067"
    },
    {
      "id": "513913FLS",
      "name": "Karvan Cévitam Aardbei Original Siroop, 600 ml",
      "brand": "Karvan Cevitam",
      "category": "Frisdrank en sappen",
      "unit_size": null,
      "offer_price": 4.29,
      "normal_price": 4.29,
      "price_per_unit": 7.15,
      "price_unit": "l",
      "discount_tag": "2 voor 6,00",
      "promo_title": "Karvan Cévitam",
      "validity": "wo 3 t/m wo 31 dec",
      "image_url": "https://www.jumbo.com/dam-images/fit-in/360x360/Products/08082025_1754616250383_1754616257406_513913_FLS_08715700122434_H1N1.png",
      "source_url": "https://www.jumbo.com/aanbiedingen/karvan-cevitam/3012067"
    },
    {
      "id": "682107FLS",
      "name": "Karvan Cévitam Refresh Zero Sinaasappel & Gember Smaak 600ML",
      "brand": "Karvan Cevitam",
      "category": "Frisdrank en sappen",
      "unit_size": null,
      "offer_price": 4.29,
      "normal_price": 4.29,
      "price_per_unit": 7.15,
      "price_unit": "l",
      "discount_tag": "2 voor 6,00",
      "promo_title": "Karvan Cévitam",
      "validity": "wo 3 t/m wo 31 dec",
      "image_url": "https://www.jumbo.com/dam-images/fit-in/360x360/Products/06082025_1754443944713_1754443950649_682107_FLS_08715700127675_H1N1.png",
      "source_url": "https://www.jumbo.com/aanbiedingen/karvan-cevitam/3012067"
    },
    {
      "id": "580139FLS",
      "name": "Karvan Cévitam Zero Framboos Siroop 600 ml",
      "brand": "Karvan Cevitam",
      "category": "Frisdrank en sappen",
      "unit_size": null,
      "offer_price": 4.29,
      "normal_price": 4.29,
      "price_per_unit": 7.15,
      "price_unit": "l",
      "discount_tag": "2 voor 6,00",
      "promo_title": "Karvan Cévitam",
      "validity": "wo 3 t/m wo 31 dec",
      "image_url": "https://www.jumbo.com/dam-images/fit-in/360x360/Products/07112025_1762482712818_1762482719613_580139_FLS_08710395948635_H1N1.png",
      "source_url": "https://www.jumbo.com/aanbiedingen/karvan-cevitam/3012067"
    },
    {
      "id": "580158FLS",
      "name": "Karvan Cévitam Zero Watermeloen & Aardbei Siroop 600 ml",
      "brand": "Karvan Cevitam",
      "category": "Frisdrank en sappen",
      "unit_size": null,
      "offer_price": 4.29,
      "normal_price": 4.29,
      "price_per_unit": 7.15,
      "price_unit": "l",
      "discount_tag": "2 voor 6,00",
      "promo_title": "Karvan Cévitam",
      "validity": "wo 3 t/m wo 31 dec",
      "image_url": "https://www.jumbo.com/dam-images/fit-in/360x360/Products/19112025_1763518058270_1763518064789_580158_FLS_08710395948772_H1N1.png",
      "source_url": "https://www.jumbo.com/aanbiedingen/karvan-cevitam/3012067"
    },
    {
      "id": "153720BLK",
      "name": "Karvan Cévitam GO Cactus Limoen Siroop, 48 ml",
      "brand": "Karvan Cevitam",
      "category": "Frisdrank en sappen",
      "unit_size": null,
      "offer_price": 3.99,
      "normal_price": 3.99,
      "price_per_unit": 83.12,
      "price_unit": "l",
      "discount_tag": "2 voor 6,00",
      "promo_title": "Karvan Cévitam",
      "validity": "wo 3 t/m wo 31 dec",
      "image_url": "https://www.jumbo.com/dam-images/fit-in/360x360/Products/06042025_1743901466929_1743901475325_153720_BLK_00000087157499_A1N1.png",
      "source_url": "https://www.jumbo.com/aanbiedingen/karvan-cevitam/3012067"
    },
    {
      "id": "580150FLS",
      "name": "Karvan Cévitam Zero Bosvruchten Siroop 600 ml",
      "brand": "Karvan Cevitam",
      "category": "Frisdrank en sappen",
      "unit_size": null,
      "offer_price": 4.29,
      "normal_price": 4.29,
      "price_per_unit": 7.15,
      "price_unit": "l",
      "discount_tag": "2 voor 6,00",
      "promo_title": "Karvan Cévitam",
      "validity": "wo 3 t/m wo 31 dec",
      "image_url": "https://www.jumbo.com/dam-images/fit-in/360x360/Products/19112025_1763520142052_1763520148635_580150_FLS_08710395948642_H1N1.png",
      "source_url": "https://www.jumbo.com/aanbiedingen/karvan-cevitam/3012067"
    },
    {
      "id": "153726BLK",
      "name": "Karvan Cévitam GO Aardbei Siroop, 48 ml",
      "brand": "Karvan Cevitam",
      "category": "Frisdrank en sappen",
      "unit_size": null,
      "offer_price": 3.99,
      "normal_price": 3.99,
      "price_per_unit": 83.12,
      "price_unit": "l",
      "discount_tag": "2 voor 6,00",
      "promo_title": "Karvan Cévitam",
      "validity": "wo 3 t/m wo 31 dec",
      "image_url": "https://www.jumbo.com/dam-images/fit-in/360x360/Products/17042025_1744856648160_1744856656223_153726_BLK_00000087157673_H1N1.png",
      "source_url": "https://www.jumbo.com/aanbiedingen/karvan-cevitam/3012067"
    },
    {
      "id": "580156FLS",
      "name": "Karvan Cévitam Zero Citroen Siroop 600 ml",
      "brand": "Karvan Cevitam",
      "category": "Frisdrank en sappen",
      "unit_size": null,
      "offer_price": 4.29,
      "normal_price": 4.29,
      "price_per_unit": 7.15,
      "price_unit": "l",
      "discount_tag": "2 voor 6,00",
      "promo_title": "Karvan Cévitam",
      "validity": "wo 3 t/m wo 31 dec",
      "image_url": "https://www.jumbo.com/dam-images/fit-in/360x360/Products/03122025_1764727506324_1764727512542_580156_FLS_08710395948680_H1N1.png",
      "source_url": "https://www.jumbo.com/aanbiedingen/karvan-cevitam/3012067"
    },
    {
      "id": "512221FLS",
      "name": "Karvan Cévitam Cassis Original Siroop, 600 ml",
      "brand": "Karvan Cevitam",
      "category": "Frisdrank en sappen",
      "unit_size": null,
      "offer_price": 4.29,
      "normal_price": 4.29,
      "price_per_unit": 7.15,
      "price_unit": "l",
      "discount_tag": "2 voor 6,00",
      "promo_title": "Karvan Cévitam",
      "validity": "wo 3 t/m wo 31 dec",
      "image_url": "https://www.jumbo.com/dam-images/fit-in/360x360/Products/19112025_1763541623713_1763541629504_512221_FLS_08715700122472_H1N1.png",
      "source_url": "https://www.jumbo.com/aanbiedingen/karvan-cevitam/3012067"
    },
    {
      "id": "580159FLS",
      "name": "Karvan Cévitam Zero Aardbei Siroop 600 ml",
      "brand": "Karvan Cevitam",
      "category": "Frisdrank en sappen",
      "unit_size": null,
      "offer_price": 4.29,
      "normal_price": 4.29,
      "price_per_unit": 7.15,
      "price_unit": "l",
      "discount_tag": "2 voor 6,00",
      "promo_title": "Karvan Cévitam",
      "validity": "wo 3 t/m wo 31 dec",
      "image_url": "https://www.jumbo.com/dam-images/fit-in/360x360/Products/19112025_1763517887355_1763517894176_580159_FLS_08710395948628_H1N1.png",
      "source_url": "https://www.jumbo.com/aanbiedingen/karvan-cevitam/3012067"
    },
    {
      "id": "514109BLK",
      "name": "Karvan Cévitam Grenadine Original Siroop, 600 ml",
      "brand": "Karvan Cevitam",
      "category": "Frisdrank en sappen",
      "unit_size": null,
      "offer_price": 4.29,
      "normal_price": 4.29,
      "price_per_unit": 7.15,
      "price_unit": "l",
      "discount_tag": "2 voor 6,00",
      "promo_title": "Karvan Cévitam",
      "validity": "wo 3 t/m wo 31 dec",
      "image_url": "https://www.jumbo.com/dam-images/fit-in/360x360/Products/19112025_1763531793139_1763531799487_514109_BLK_08715700122458_H1N1.png",
      "source_url": "https://www.jumbo.com/aanbiedingen/karvan-cevitam/3012067"
    },
    {
      "id": "514112FLS",
      "name": "Karvan Cévitam Ice Tea Peach Original Siroop, 600 ml",
      "brand": "Karvan Cevitam",
      "category": "Frisdrank en sappen",
      "unit_size": null,
      "offer_price": 4.29,
      "normal_price": 4.29,
      "price_per_unit": 7.15,
      "price_unit": "l",
      "discount_tag": "2 voor 6,00",
      "promo_title": "Karvan Cévitam",
      "validity": "wo 3 t/m wo 31 dec",
      "image_url": "https://www.jumbo.com/dam-images/fit-in/360x360/Products/30112025_1764469758384_1764469764184_514112_FLS_08715700122489_H1N1.png",
      "source_url": "https://www.jumbo.com/aanbiedingen/karvan-cevitam/3012067"
    },
    {
      "id": "580157FLS",
      "name": "Karvan Cévitam Zero Grenadine Siroop 600 ml",
      "brand": "Karvan Cevitam",
      "category": "Frisdrank en sappen",
      "unit_size": null,
      "offer_price": 4.29,
      "normal_price": 4.29,
      "price_per_unit": 7.15,
      "price_unit": "l",
      "discount_tag": "2 voor 6,00",
      "promo_title": "Karvan Cévitam",
      "validity": "wo 3 t/m wo 31 dec",
      "image_url": "https://www.jumbo.com/dam-images/fit-in/360x360/Products/02122025_1764641217067_1764641223766_580157_FLS_08710395948697_H1N1.png",
      "source_url": "https://www.jumbo.com/aanbiedingen/karvan-cevitam/3012067"
    },
    {
      "id": "580155FLS",
      "name": "Karvan Cévitam Zero Kers Siroop 600 ml",
      "brand": "Karvan Cevitam",
      "category": "Frisdrank en sappen",
      "unit_size": null,
      "offer_price": 4.29,
      "normal_price": 4.29,
      "price_per_unit": 7.15,
      "price_unit": "l",
      "discount_tag": "2 voor 6,00",
      "promo_title": "Karvan Cévitam",
      "validity": "wo 3 t/m wo 31 dec",
      "image_url": "https://www.jumbo.com/dam-images/fit-in/360x360/Products/23082024_1724375717968_1724375724166_580155_FLS_08710395948673_H1N1.png",
      "source_url": "https://www.jumbo.com/aanbiedingen/karvan-cevitam/3012067"
    },
    {
      "id": "278405FLS",
      "name": "Montaignan - Grenache - Rosé 750ML",
      "brand": "Montaignan",
      "category": "Bier en wijn",
      "unit_size": "75 cl",
      "offer_price": 5.99,
      "normal_price": 5.99,
      "price_per_unit": 7.99,
      "price_unit": "l",
      "discount_tag": "2 voor 8,99",
      "promo_title": "Montaignan",
      "validity": "wo 17 t/m vr 26 dec",
      "image_url": "https://www.jumbo.com/dam-images/fit-in/360x360/Products/01122025_1764595992392_1764595995277_3700619342559_1.png",
      "source_url": "https://www.jumbo.com/aanbiedingen/montaignan/3012582"
    },
    {
      "id": "512894FLS",
      "name": "Montaignan - Merlot - 750ML",
      "brand": "Montaignan",
      "category": "Bier en wijn",
      "unit_size": "75 cl",
      "offer_price": 5.99,
      "normal_price": 5.99,
      "price_per_unit": 7.99,
      "price_unit": "l",
      "discount_tag": "2 voor 8,99",
      "promo_title": "Montaignan",
      "validity": "wo 17 t/m vr 26 dec",
      "image_url": "https://www.jumbo.com/dam-images/fit-in/360x360/Products/01122025_1764595992508_1764595995184_3700619324647_1.png",
      "source_url": "https://www.jumbo.com/aanbiedingen/montaignan/3012582"
    },
    {
      "id": "278406FLS",
      "name": "Montaignan - Syrah - 750ML",
      "brand": "Montaignan",
      "category": "Bier en wijn",
      "unit_size": "75 cl",
      "offer_price": 5.99,
      "normal_price": 5.99,
      "price_per_unit": 7.99,
      "price_unit": "l",
      "discount_tag": "2 voor 8,99",
      "promo_title": "Montaignan",
      "validity": "wo 17 t/m vr 26 dec",
      "image_url": "https://www.jumbo.com/dam-images/fit-in/360x360/Products/08122025_1765190073990_1765190077047_3700619302911_1.png",
      "source_url": "https://www.jumbo.com/aanbiedingen/montaignan/3012582"
    },
    {
      "id": "278404FLS",
      "name": "Montaignan - Chardonnay - 750ML",
      "brand": "Montaignan",
      "category": "Bier en wijn",
      "unit_size": "75 cl",
      "offer_price": 5.99,
      "normal_price": 5.99,
      "price_per_unit": 7.99,
      "price_unit": "l",
      "discount_tag": "2 voor 8,99",
      "promo_title": "Montaignan",
      "validity": "wo 17 t/m vr 26 dec",
      "image_url": "https://www.jumbo.com/dam-images/fit-in/360x360/Products/01122025_1764595992259_1764595995632_3700619302898_1.png",
      "source_url": "https://www.jumbo.com/aanbiedingen/montaignan/3012582"
    },
    {
      "id": "578304FLS",
      "name": "Montaignan - Sauvignon Blanc - 750ML",
      "brand": "Montaignan",
      "category": "Bier en wijn",
      "unit_size": "75 cl",
      "offer_price": 5.99,
      "normal_price": 5.99,
      "price_per_unit": 5.99,
      "price_unit": "l",
      "discount_tag": "2 voor 8,99",
      "promo_title": "Montaignan",
      "validity": "wo 17 t/m vr 26 dec",
      "image_url": "https://www.jumbo.com/dam-images/fit-in/360x360/Products/01122025_1764595992743_1764595995828_3700619347844_1.png",
      "source_url": "https://www.jumbo.com/aanbiedingen/montaignan/3012582"
    },
    {
      "id": "96790FLS",
      "name": "Marsigny - Crémant de Bourgogne - Brut - 750 ML",
      "brand": "Marsigny Cremant de Bourgogne",
      "category": "Bier en wijn",
      "unit_size": "750 ml",
      "offer_price": 9.99,
      "normal_price": 11.99,
      "price_per_unit": 13.32,
      "price_unit": "l",
      "discount_tag": "voor 9,99",
      "promo_title": "Marsigny Cremant de Bourgogne of Freixenet cava",
      "validity": "wo 3 t/m wo 31 dec",
      "image_url": "https://www.jumbo.com/dam-images/fit-in/360x360/Products/05112025_1762353185638_1762353188910_3371808000736_1.png",
      "source_url": "https://www.jumbo.com/aanbiedingen/marsigny-cremant-de-bourgogne-of-freixenet-cava/3012076"
    },
    {
      "id": "177692STK",
      "name": "Freixenet - Cordon Negro - Cava - Brut - 750 ML",
      "brand": "Freixenet",
      "category": "Bier en wijn",
      "unit_size": "750 ml",
      "offer_price": 9.99,
      "normal_price": 11.99,
      "price_per_unit": 13.32,
      "price_unit": "l",
      "discount_tag": "voor 9,99",
      "promo_title": "Marsigny Cremant de Bourgogne of Freixenet cava",
      "validity": "wo 3 t/m wo 31 dec",
      "image_url": "https://www.jumbo.com/dam-images/fit-in/360x360/Products/31072025_1753928152199_1753928153963_177692_STK_08410036009090_C1N1.png",
      "source_url": "https://www.jumbo.com/aanbiedingen/marsigny-cremant-de-bourgogne-of-freixenet-cava/3012076"
    },
    {
      "id": "649776FLS",
      "name": "Nero Oro - Primitivo - Alcoholvrij 0,0% - 750ML",
      "brand": "Nero Oro",
      "category": "Bier en wijn",
      "unit_size": "75 cl",
      "offer_price": 4.49,
      "normal_price": 5.99,
      "price_per_unit": 5.99,
      "price_unit": "l",
      "discount_tag": "voor 4,49",
      "promo_title": "Nero Oro alcoholvrij",
      "validity": "wo 3 t/m wo 31 dec",
      "image_url": "https://www.jumbo.com/dam-images/fit-in/360x360/Products/28112024_1732807996878_1732808000196_8034115197944_1.png",
      "source_url": "https://www.jumbo.com/aanbiedingen/nero-oro-alcoholvrij/3011973"
    },
    {
      "id": "649658FLS",
      "name": "Nero Oro - Pinot Grigio - Alcoholvrij 0,0 - 750ML",
      "brand": "Nero Oro",
      "category": "Bier en wijn",
      "unit_size": "75 cl",
      "offer_price": 4.49,
      "normal_price": 5.99,
      "price_per_unit": 5.99,
      "price_unit": "l",
      "discount_tag": "voor 4,49",
      "promo_title": "Nero Oro alcoholvrij",
      "validity": "wo 3 t/m wo 31 dec",
      "image_url": "https://www.jumbo.com/dam-images/fit-in/360x360/Products/28112024_1732807996777_1732808000159_8034115197968_1.png",
      "source_url": "https://www.jumbo.com/aanbiedingen/nero-oro-alcoholvrij/3011973"
    },
    {
      "id": "580841FLS",
      "name": "Vida Barcelona - Cava Brut - Biologisch - 750ML",
      "brand": "Vida",
      "category": "Bier en wijn",
      "unit_size": "75 cl",
      "offer_price": 5.99,
      "normal_price": 7.59,
      "price_per_unit": 7.99,
      "price_unit": "l",
      "discount_tag": "voor 5,99",
      "promo_title": "Kerstwijnen",
      "validity": "wo 3 t/m wo 31 dec",
      "image_url": "https://www.jumbo.com/dam-images/fit-in/360x360/Products/14052025_1747233165546_1747233169077_8437023708569_1.png",
      "source_url": "https://www.jumbo.com/aanbiedingen/kerstwijnen/3011976"
    },
    {
      "id": "582101FLS",
      "name": "KWV Heritage Collection Chenin Blanc 750 ml",
      "brand": "KWV",
      "category": "Bier en wijn",
      "unit_size": "750 ml",
      "offer_price": 5.99,
      "normal_price": 7.99,
      "price_per_unit": 7.99,
      "price_unit": "l",
      "discount_tag": "voor 5,99",
      "promo_title": "Kerstwijnen",
      "validity": "wo 3 t/m wo 31 dec",
      "image_url": "https://www.jumbo.com/dam-images/fit-in/360x360/Products/05112025_1762353186723_1762353190268_6002323025207_1.png",
      "source_url": "https://www.jumbo.com/aanbiedingen/kerstwijnen/3011976"
    },
    {
      "id": "714586FLS",
      "name": "Vida Barcelona - Sparkling 0,0% Alcoholvrij 750ML",
      "brand": "Vida",
      "category": "Bier en wijn",
      "unit_size": "750 ml.",
      "offer_price": 5.99,
      "normal_price": 6.99,
      "price_per_unit": 7.99,
      "price_unit": "l",
      "discount_tag": "voor 5,99",
      "promo_title": "Kerstwijnen",
      "validity": "wo 3 t/m wo 31 dec",
      "image_url": "https://www.jumbo.com/dam-images/fit-in/360x360/Products/21112025_1763717571951_1763717575086_8436625780096_1.png",
      "source_url": "https://www.jumbo.com/aanbiedingen/kerstwijnen/3011976"
    },
    {
      "id": "521813FLS",
      "name": "Freixenet - 0,0% Alcoholvrij - 750ML",
      "brand": "Freixenet",
      "category": "Bier en wijn",
      "unit_size": "750 ml",
      "offer_price": 5.99,
      "normal_price": 7.99,
      "price_per_unit": 7.99,
      "price_unit": "l",
      "discount_tag": "voor 5,99",
      "promo_title": "Kerstwijnen",
      "validity": "wo 3 t/m wo 31 dec",
      "image_url": "https://www.jumbo.com/dam-images/fit-in/360x360/Products/09082023_1691592103887_1691592108774_8410384003016_1.png",
      "source_url": "https://www.jumbo.com/aanbiedingen/kerstwijnen/3011976"
    },
    {
      "id": "79525FLS",
      "name": "Villebois - Petit Villebois - Sauvignon Blanc - 750ML",
      "brand": "Villebois",
      "category": "Bier en wijn",
      "unit_size": "750 ml",
      "offer_price": 5.99,
      "normal_price": 7.49,
      "price_per_unit": 7.99,
      "price_unit": "l",
      "discount_tag": "voor 5,99",
      "promo_title": "Kerstwijnen",
      "validity": "wo 3 t/m wo 31 dec",
      "image_url": "https://www.jumbo.com/dam-images/fit-in/360x360/Products/08042024_1712590511136_1712590514703_3760189780519_1.png",
      "source_url": "https://www.jumbo.com/aanbiedingen/kerstwijnen/3011976"
    },
    {
      "id": "687042FLS",
      "name": "François Martenot - Chardonnay -750ML",
      "brand": "Francois Martenot",
      "category": "Bier en wijn",
      "unit_size": "75 cl",
      "offer_price": 5.99,
      "normal_price": 7.59,
      "price_per_unit": 7.99,
      "price_unit": "l",
      "discount_tag": "voor 5,99",
      "promo_title": "Kerstwijnen",
      "validity": "wo 3 t/m wo 31 dec",
      "image_url": "https://www.jumbo.com/dam-images/fit-in/360x360/Products/22042025_1745328768527_1745328772198_3120581439680_1.png",
      "source_url": "https://www.jumbo.com/aanbiedingen/kerstwijnen/3011976"
    },
    {
      "id": "590960FLS",
      "name": "Jumbo - Prosecco Spumante - 750ML",
      "brand": "Jumbo",
      "category": "Bier en wijn",
      "unit_size": "750 ml",
      "offer_price": 5.99,
      "normal_price": 7.99,
      "price_per_unit": 7.99,
      "price_unit": "l",
      "discount_tag": "voor 5,99",
      "promo_title": "Kerstwijnen",
      "validity": "wo 3 t/m wo 31 dec",
      "image_url": "https://www.jumbo.com/dam-images/fit-in/360x360/Products/28052025_1748439308286_1748439317406_8718452744961_1.png",
      "source_url": "https://www.jumbo.com/aanbiedingen/kerstwijnen/3011976"
    },
    {
      "id": "687001FLS",
      "name": "François Martenot - Pinot Noir - 750ML",
      "brand": "Francois Martenot",
      "category": "Bier en wijn",
      "unit_size": "75 cl",
      "offer_price": 5.99,
      "normal_price": 7.59,
      "price_per_unit": 10.12,
      "price_unit": "l",
      "discount_tag": "voor 5,99",
      "promo_title": "Kerstwijnen",
      "validity": "wo 3 t/m wo 31 dec",
      "image_url": "https://www.jumbo.com/dam-images/fit-in/360x360/Products/22042025_1745328768336_1745328771934_3120581439697_1.png",
      "source_url": "https://www.jumbo.com/aanbiedingen/kerstwijnen/3011976"
    },
    {
      "id": "604411FLS",
      "name": "Marqués de la Concordia - Rioja Crianza - Tempranillo - 750ML",
      "brand": "Marques de la Concordia",
      "category": "Bier en wijn",
      "unit_size": "750 ml",
      "offer_price": 5.99,
      "normal_price": 7.99,
      "price_per_unit": 7.99,
      "price_unit": "l",
      "discount_tag": "voor 5,99",
      "promo_title": "Kerstwijnen",
      "validity": "wo 3 t/m wo 31 dec",
      "image_url": "https://www.jumbo.com/dam-images/fit-in/360x360/Products/24042024_1713943989110_1713943991568_8410396220913_1.png",
      "source_url": "https://www.jumbo.com/aanbiedingen/kerstwijnen/3011976"
    },
    {
      "id": "580849FLS",
      "name": "Vida - Biologisch Cava Brut Rosé - 750ML",
      "brand": "Vida",
      "category": "Bier en wijn",
      "unit_size": "75 cl.",
      "offer_price": 5.99,
      "normal_price": 7.59,
      "price_per_unit": 7.99,
      "price_unit": "l",
      "discount_tag": "voor 5,99",
      "promo_title": "Kerstwijnen",
      "validity": "wo 3 t/m wo 31 dec",
      "image_url": "https://www.jumbo.com/dam-images/fit-in/360x360/Products/01082024_1722522799558_1722522803535_8437023708576_1.png",
      "source_url": "https://www.jumbo.com/aanbiedingen/kerstwijnen/3011976"
    },
    {
      "id": "578312FLS",
      "name": "KWV - Cabernet Sauvignon - 750 ML",
      "brand": "KWV",
      "category": "Bier en wijn",
      "unit_size": "750 ml",
      "offer_price": 5.99,
      "normal_price": 7.99,
      "price_per_unit": 7.99,
      "price_unit": "l",
      "discount_tag": "voor 5,99",
      "promo_title": "Kerstwijnen",
      "validity": "wo 3 t/m wo 31 dec",
      "image_url": "https://www.jumbo.com/dam-images/fit-in/360x360/Products/05112025_1762353186267_1762353190395_6002323025160_1.png",
      "source_url": "https://www.jumbo.com/aanbiedingen/kerstwijnen/3011976"
    },
    {
      "id": "512898FLS",
      "name": "Villebois - Sauvignon Blanc - 0.0% Alcoholvrij - 750ML",
      "brand": "Villebois",
      "category": "Bier en wijn",
      "unit_size": "750 ml",
      "offer_price": 5.99,
      "normal_price": 7.49,
      "price_per_unit": 7.99,
      "price_unit": "l",
      "discount_tag": "voor 5,99",
      "promo_title": "Kerstwijnen",
      "validity": "wo 3 t/m wo 31 dec",
      "image_url": "https://www.jumbo.com/dam-images/fit-in/360x360/Products/08042024_1712590511423_1712590517944_3760189780694_1.png",
      "source_url": "https://www.jumbo.com/aanbiedingen/kerstwijnen/3011976"
    },
    {
      "id": "79239FLS",
      "name": "Sankt Anna - Riesling - 750ML",
      "brand": "Sankt Anna",
      "category": "Bier en wijn",
      "unit_size": "750 ml",
      "offer_price": 5.99,
      "normal_price": 7.99,
      "price_per_unit": 7.99,
      "price_unit": "l",
      "discount_tag": "voor 5,99",
      "promo_title": "Kerstwijnen",
      "validity": "wo 3 t/m wo 31 dec",
      "image_url": "https://www.jumbo.com/dam-images/fit-in/360x360/Products/79239_4026371930001_1_T1_79239FLS1691393628309.png",
      "source_url": "https://www.jumbo.com/aanbiedingen/kerstwijnen/3011976"
    },
    {
      "id": "521815FLS",
      "name": "Freixenet - Rosé - 0.0% Alcoholvrij - 750ML",
      "brand": "Freixenet",
      "category": "Bier en wijn",
      "unit_size": "750 ml",
      "offer_price": 5.99,
      "normal_price": 7.99,
      "price_per_unit": 7.99,
      "price_unit": "l",
      "discount_tag": "voor 5,99",
      "promo_title": "Kerstwijnen",
      "validity": "wo 3 t/m wo 31 dec",
      "image_url": "https://www.jumbo.com/dam-images/fit-in/360x360/Products/09082023_1691591724540_1691591728826_8410384053073_1.png",
      "source_url": "https://www.jumbo.com/aanbiedingen/kerstwijnen/3011976"
    },
    {
      "id": "33058FLS",
      "name": "Winzer Krems - Grüner Veltliner - 750 ML",
      "brand": "Winzer Krems",
      "category": "Bier en wijn",
      "unit_size": "750 ml",
      "offer_price": 5.99,
      "normal_price": 7.99,
      "price_per_unit": 7.99,
      "price_unit": "l",
      "discount_tag": "voor 5,99",
      "promo_title": "Kerstwijnen",
      "validity": "wo 3 t/m wo 31 dec",
      "image_url": "https://www.jumbo.com/dam-images/fit-in/360x360/Products/05112025_1762353185293_1762353188237_9005511073476_1.png",
      "source_url": "https://www.jumbo.com/aanbiedingen/kerstwijnen/3011976"
    },
    {
      "id": "591434FLS",
      "name": "Lugar de Conchas - Verdejo - 750 ML",
      "brand": "Jumbo",
      "category": "Bier en wijn",
      "unit_size": "750 ml",
      "offer_price": 5.49,
      "normal_price": 6.99,
      "price_per_unit": 7.32,
      "price_unit": "l",
      "discount_tag": "voor 5,49",
      "promo_title": "Jumbo Rueda Verdejo",
      "validity": "wo 3 t/m wo 31 dec",
      "image_url": "https://www.jumbo.com/dam-images/fit-in/360x360/Products/05112025_1762356812437_1762356815324_8718452711970_1.png",
      "source_url": "https://www.jumbo.com/aanbiedingen/jumbo-rueda-verdejo/3012081"
    },
    {
      "id": "208629FLS",
      "name": "Trentham Estate - Chardonnay - 750 ML",
      "brand": "Trentham Estate",
      "category": "Bier en wijn",
      "unit_size": "750 ml",
      "offer_price": 6.99,
      "normal_price": 8.99,
      "price_per_unit": 9.32,
      "price_unit": "l",
      "discount_tag": "voor 6,99",
      "promo_title": "Trentham Estate",
      "validity": "wo 17 t/m vr 26 dec",
      "image_url": "https://www.jumbo.com/dam-images/fit-in/360x360/Products/208629_9316071970205_1_T1_208629FLS1691315085239.png",
      "source_url": "https://www.jumbo.com/aanbiedingen/trentham-estate/3012583"
    },
    {
      "id": "208312FLS",
      "name": "Trentham Estate - Pinot Grigio - 750 ML",
      "brand": "Trentham Estate",
      "category": "Bier en wijn",
      "unit_size": null,
      "offer_price": 6.99,
      "normal_price": 8.99,
      "price_per_unit": 9.32,
      "price_unit": "l",
      "discount_tag": "voor 6,99",
      "promo_title": "Trentham Estate",
      "validity": "wo 17 t/m vr 26 dec",
      "image_url": "https://www.jumbo.com/dam-images/fit-in/360x360/Products/18092023_1695041450160_1695041454343_9316071132009_1.png",
      "source_url": "https://www.jumbo.com/aanbiedingen/trentham-estate/3012583"
    },
    {
      "id": "208630FLS",
      "name": "Trentham Estate - Shiraz - 750 ML",
      "brand": "Trentham Estate",
      "category": "Bier en wijn",
      "unit_size": "750 ml",
      "offer_price": 6.99,
      "normal_price": 8.69,
      "price_per_unit": 9.32,
      "price_unit": "l",
      "discount_tag": "voor 6,99",
      "promo_title": "Trentham Estate",
      "validity": "wo 17 t/m vr 26 dec",
      "image_url": "https://www.jumbo.com/dam-images/fit-in/360x360/Products/208630_9316071961302_1_T1_208630FLS1691325270697.png",
      "source_url": "https://www.jumbo.com/aanbiedingen/trentham-estate/3012583"
    },
    {
      "id": "208313FLS",
      "name": "Trentham Estate - Pinot Noir - 750 ML",
      "brand": "Trentham Estate",
      "category": "Bier en wijn",
      "unit_size": "750 ml",
      "offer_price": 6.99,
      "normal_price": 8.99,
      "price_per_unit": 9.32,
      "price_unit": "l",
      "discount_tag": "voor 6,99",
      "promo_title": "Trentham Estate",
      "validity": "wo 17 t/m vr 26 dec",
      "image_url": "https://www.jumbo.com/dam-images/fit-in/360x360/Products/09082023_1691586653524_1691586656768_9316071961807_1.png",
      "source_url": "https://www.jumbo.com/aanbiedingen/trentham-estate/3012583"
    },
    {
      "id": "686314FLS",
      "name": "Tiempo & Tierra - Gran Momento Barrel Aged Chardonnay - 750ML",
      "brand": "Tiempo Tierra",
      "category": "Bier en wijn",
      "unit_size": "75 cl",
      "offer_price": 4.99,
      "normal_price": 5.99,
      "price_per_unit": 7.99,
      "price_unit": "l",
      "discount_tag": "1,00 korting",
      "promo_title": "Tiempo & Tierra Gran Momento",
      "validity": "wo 3 t/m wo 31 dec",
      "image_url": "https://www.jumbo.com/dam-images/fit-in/360x360/Products/23062025_1750681987332_1750681990911_8411971008582_1.png",
      "source_url": "https://www.jumbo.com/aanbiedingen/tiempo-tierra-gran-momento/3012165"
    },
    {
      "id": "686311FLS",
      "name": "Tiempo & Tierra - Gran Momento Graciano - 750ML",
      "brand": "Tiempo Tierra",
      "category": "Bier en wijn",
      "unit_size": "75 cl",
      "offer_price": 4.99,
      "normal_price": 5.99,
      "price_per_unit": 6.65,
      "price_unit": "l",
      "discount_tag": "1,00 korting",
      "promo_title": "Tiempo & Tierra Gran Momento",
      "validity": "wo 3 t/m wo 31 dec",
      "image_url": "https://www.jumbo.com/dam-images/fit-in/360x360/Products/20062025_1750415585846_1750415589023_8411971008612_1.png",
      "source_url": "https://www.jumbo.com/aanbiedingen/tiempo-tierra-gran-momento/3012165"
    },
    {
      "id": "703052FLS",
      "name": "L'Essenza della Tradizione - Primitivo - 750ML",
      "brand": "L essenza della tradizione",
      "category": "Bier en wijn",
      "unit_size": "75 cl",
      "offer_price": 2.99,
      "normal_price": 3.99,
      "price_per_unit": 3.99,
      "price_unit": "l",
      "discount_tag": "1,00 korting",
      "promo_title": "L 'Essenza della Tradizione Primitivo",
      "validity": "wo 3 t/m wo 31 dec",
      "image_url": "https://www.jumbo.com/dam-images/fit-in/360x360/Products/21082025_1755772414565_1755772417833_4041584011729_1.png",
      "source_url": "https://www.jumbo.com/aanbiedingen/l-essenza-della-tradizione-primitivo/3012164"
    },
    {
      "id": "468722DS",
      "name": "Birra Moretti L'Autentica Bier Fles 6 x 300ml",
      "brand": "Birra Moretti",
      "category": "Bier en wijn",
      "unit_size": "6 x 30 cl",
      "offer_price": 7.39,
      "normal_price": 7.39,
      "price_per_unit": 4.11,
      "price_unit": "l",
      "discount_tag": "2e halve prijs",
      "promo_title": "Pils van Heineken, Brand of Birra Moretti",
      "validity": "wo 3 t/m wo 31 dec",
      "image_url": "https://www.jumbo.com/dam-images/fit-in/360x360/Products/22122025_1766403192851_1766403201306_8712000056834_1.png",
      "source_url": "https://www.jumbo.com/aanbiedingen/pils-van-heineken-brand-of-birra-moretti/3012060"
    },
    {
      "id": "538532DS",
      "name": "Birra Moretti L'Autentica Bier Blik 6 x 330ml",
      "brand": "Birra Moretti",
      "category": "Bier en wijn",
      "unit_size": "6 x 330 ML",
      "offer_price": 7.99,
      "normal_price": 7.99,
      "price_per_unit": 4.04,
      "price_unit": "l",
      "discount_tag": "2e halve prijs",
      "promo_title": "Pils van Heineken, Brand of Birra Moretti",
      "validity": "wo 3 t/m wo 31 dec",
      "image_url": "https://www.jumbo.com/dam-images/fit-in/360x360/Products/22122025_1766403190618_1766403195806_8006890390995_1.png",
      "source_url": "https://www.jumbo.com/aanbiedingen/pils-van-heineken-brand-of-birra-moretti/3012060"
    },
    {
      "id": "475209DS",
      "name": "Heineken Silver Bier Draaidop Fles 6 x 250ml",
      "brand": "Heineken",
      "category": "Bier en wijn",
      "unit_size": "6 x 250 ml",
      "offer_price": 7.69,
      "normal_price": 7.69,
      "price_per_unit": 5.13,
      "price_unit": "l",
      "discount_tag": "2e halve prijs",
      "promo_title": "Pils van Heineken, Brand of Birra Moretti",
      "validity": "wo 3 t/m wo 31 dec",
      "image_url": "https://www.jumbo.com/dam-images/fit-in/360x360/Products/07012025_1736267704978_1736267710757_8712000057916_1.png",
      "source_url": "https://www.jumbo.com/aanbiedingen/pils-van-heineken-brand-of-birra-moretti/3012060"
    },
    {
      "id": "538725TRA",
      "name": "Brand Pilsener Bier Blik 6 x 330ml",
      "brand": "Brand",
      "category": "Bier en wijn",
      "unit_size": "6 x 330 ml",
      "offer_price": 7.49,
      "normal_price": 7.49,
      "price_per_unit": 3.78,
      "price_unit": "l",
      "discount_tag": "2e halve prijs",
      "promo_title": "Pils van Heineken, Brand of Birra Moretti",
      "validity": "wo 3 t/m wo 31 dec",
      "image_url": "https://www.jumbo.com/dam-images/fit-in/360x360/Products/19122025_1766161977120_1766161981227_8723200102535_1.png",
      "source_url": "https://www.jumbo.com/aanbiedingen/pils-van-heineken-brand-of-birra-moretti/3012060"
    },
    {
      "id": "539049PAK",
      "name": "Heineken Premium Pilsener Bier Blik 6 x 330ml",
      "brand": "Heineken",
      "category": "Bier en wijn",
      "unit_size": "6 x 330 ml",
      "offer_price": 6.65,
      "normal_price": 6.65,
      "price_per_unit": 3.36,
      "price_unit": "l",
      "discount_tag": "2e halve prijs",
      "promo_title": "Pils van Heineken, Brand of Birra Moretti",
      "validity": "wo 3 t/m wo 31 dec",
      "image_url": "https://www.jumbo.com/dam-images/fit-in/360x360/Products/22122025_1766406772233_1766406775624_8712000058869_1.png",
      "source_url": "https://www.jumbo.com/aanbiedingen/pils-van-heineken-brand-of-birra-moretti/3012060"
    },
    {
      "id": "539050DS",
      "name": "Heineken Silver Bier Blik 6 x 330ml",
      "brand": "Heineken",
      "category": "Bier en wijn",
      "unit_size": "6 x 330 ml.",
      "offer_price": 6.99,
      "normal_price": 6.99,
      "price_per_unit": 3.53,
      "price_unit": "l",
      "discount_tag": "2e halve prijs",
      "promo_title": "Pils van Heineken, Brand of Birra Moretti",
      "validity": "wo 3 t/m wo 31 dec",
      "image_url": "https://www.jumbo.com/dam-images/fit-in/360x360/Products/07012025_1736267674260_1736267679446_8712000058999_1.png",
      "source_url": "https://www.jumbo.com/aanbiedingen/pils-van-heineken-brand-of-birra-moretti/3012060"
    },
    {
      "id": "348744PAK",
      "name": "Brand Pilsener Bier Fles 6 x 300ml",
      "brand": "Brand",
      "category": "Bier en wijn",
      "unit_size": "6 x 30 CL",
      "offer_price": 6.49,
      "normal_price": 6.49,
      "price_per_unit": 3.61,
      "price_unit": "l",
      "discount_tag": "2e halve prijs",
      "promo_title": "Pils van Heineken, Brand of Birra Moretti",
      "validity": "wo 3 t/m wo 31 dec",
      "image_url": "https://www.jumbo.com/dam-images/fit-in/360x360/Products/19122025_1766161977138_1766161985324_8723200102405_1.png",
      "source_url": "https://www.jumbo.com/aanbiedingen/pils-van-heineken-brand-of-birra-moretti/3012060"
    },
    {
      "id": "539092PAK",
      "name": "RAD blik 99x6x33",
      "brand": "Heineken",
      "category": "Bier en wijn",
      "unit_size": null,
      "offer_price": 5.9,
      "normal_price": 5.9,
      "price_per_unit": 2.98,
      "price_unit": "l",
      "discount_tag": "2e halve prijs",
      "promo_title": "Pils van Heineken, Brand of Birra Moretti",
      "validity": "wo 3 t/m wo 31 dec",
      "image_url": "",
      "source_url": "https://www.jumbo.com/aanbiedingen/pils-van-heineken-brand-of-birra-moretti/3012060"
    },
    {
      "id": "59938PAK",
      "name": "Heineken Premium Pilsener Bier Draaidop Fles 12 x 250ml",
      "brand": "Heineken",
      "category": "Bier en wijn",
      "unit_size": "12 x 25 cl",
      "offer_price": 13.89,
      "normal_price": 13.89,
      "price_per_unit": 4.63,
      "price_unit": "l",
      "discount_tag": "2e halve prijs",
      "promo_title": "Pils van Heineken, Brand of Birra Moretti",
      "validity": "wo 3 t/m wo 31 dec",
      "image_url": "https://www.jumbo.com/dam-images/fit-in/360x360/Products/22122025_1766406771862_1766406776434_8712000030957_1.png",
      "source_url": "https://www.jumbo.com/aanbiedingen/pils-van-heineken-brand-of-birra-moretti/3012060"
    },
    {
      "id": "539048PAK",
      "name": "Heineken Premium Pilsener Bier Blik 6 x 500ml",
      "brand": "Heineken",
      "category": "Bier en wijn",
      "unit_size": "6 x 500 ml",
      "offer_price": 9.29,
      "normal_price": 9.29,
      "price_per_unit": 3.1,
      "price_unit": "l",
      "discount_tag": "2e halve prijs",
      "promo_title": "Pils van Heineken, Brand of Birra Moretti",
      "validity": "wo 3 t/m wo 31 dec",
      "image_url": "https://www.jumbo.com/dam-images/fit-in/360x360/Products/07012025_1736267694111_1736267699195_8712000059057_1.png",
      "source_url": "https://www.jumbo.com/aanbiedingen/pils-van-heineken-brand-of-birra-moretti/3012060"
    },
    {
      "id": "59937TRA",
      "name": "Heineken Premium Pilsener Bier Draaidop Fles 6 x 250ml",
      "brand": "Heineken",
      "category": "Bier en wijn",
      "unit_size": "6 x 25 cl",
      "offer_price": 7.69,
      "normal_price": 7.69,
      "price_per_unit": 5.13,
      "price_unit": "l",
      "discount_tag": "2e halve prijs",
      "promo_title": "Pils van Heineken, Brand of Birra Moretti",
      "validity": "wo 3 t/m wo 31 dec",
      "image_url": "https://www.jumbo.com/dam-images/fit-in/360x360/Products/12122025_1765546380698_1765546410790_8712000031053_596.png",
      "source_url": "https://www.jumbo.com/aanbiedingen/pils-van-heineken-brand-of-birra-moretti/3012060"
    },
    {
      "id": "503606FLS",
      "name": "Waterval - Pinot Grigio - 750ML",
      "brand": "Waterval",
      "category": "Bier en wijn",
      "unit_size": "750 ml",
      "offer_price": 5.29,
      "normal_price": 5.29,
      "price_per_unit": 7.05,
      "price_unit": "l",
      "discount_tag": "3 voor 12,50",
      "promo_title": "Alle Waterval",
      "validity": "wo 3 t/m wo 31 dec",
      "image_url": "https://www.jumbo.com/dam-images/fit-in/360x360/Products/12112025_1762965191952_1762965195024_6001506912839_1.png",
      "source_url": "https://www.jumbo.com/aanbiedingen/alle-waterval/3012459"
    },
    {
      "id": "368836FLS",
      "name": "Waterval - Chenin Blanc - 750ML",
      "brand": "Waterval",
      "category": "Bier en wijn",
      "unit_size": "750 ml",
      "offer_price": 5.29,
      "normal_price": 5.29,
      "price_per_unit": 7.05,
      "price_unit": "l",
      "discount_tag": "3 voor 12,50",
      "promo_title": "Alle Waterval",
      "validity": "wo 3 t/m wo 31 dec",
      "image_url": "https://www.jumbo.com/dam-images/fit-in/360x360/Products/08122025_1765190073992_1765190076719_6001506911610_1.png",
      "source_url": "https://www.jumbo.com/aanbiedingen/alle-waterval/3012459"
    },
    {
      "id": "79146FLS",
      "name": "Waterval - Sauvignon Blanc - Semillón - 750 ML",
      "brand": "Waterval",
      "category": "Bier en wijn",
      "unit_size": "750 ml",
      "offer_price": 5.29,
      "normal_price": 5.29,
      "price_per_unit": 7.05,
      "price_unit": "l",
      "discount_tag": "3 voor 12,50",
      "promo_title": "Alle Waterval",
      "validity": "wo 3 t/m wo 31 dec",
      "image_url": "https://www.jumbo.com/dam-images/fit-in/360x360/Products/12112025_1762965191574_1762965194220_6001506900621_1.png",
      "source_url": "https://www.jumbo.com/aanbiedingen/alle-waterval/3012459"
    },
    {
      "id": "79145FLS",
      "name": "Waterval - Cabernet Sauvignon - Merlot - 750ML",
      "brand": "Waterval",
      "category": "Bier en wijn",
      "unit_size": "750 ml",
      "offer_price": 5.29,
      "normal_price": 5.29,
      "price_per_unit": 7.05,
      "price_unit": "l",
      "discount_tag": "3 voor 12,50",
      "promo_title": "Alle Waterval",
      "validity": "wo 3 t/m wo 31 dec",
      "image_url": "https://www.jumbo.com/dam-images/fit-in/360x360/Products/12112025_1762965191478_1762965194273_6001506900614_1.png",
      "source_url": "https://www.jumbo.com/aanbiedingen/alle-waterval/3012459"
    },
    {
      "id": "79144FLS",
      "name": "Waterval - Chardonnay - Colombard - 750ML",
      "brand": "Waterval",
      "category": "Bier en wijn",
      "unit_size": "750 ml",
      "offer_price": 5.29,
      "normal_price": 5.29,
      "price_per_unit": 7.05,
      "price_unit": "l",
      "discount_tag": "3 voor 12,50",
      "promo_title": "Alle Waterval",
      "validity": "wo 3 t/m wo 31 dec",
      "image_url": "https://www.jumbo.com/dam-images/fit-in/360x360/Products/12112025_1762965191493_1762965194486_6001506900607_1.png",
      "source_url": "https://www.jumbo.com/aanbiedingen/alle-waterval/3012459"
    },
    {
      "id": "96225FLS",
      "name": "Waterval - Moscato - 750ML",
      "brand": "Waterval",
      "category": "Bier en wijn",
      "unit_size": "750 ml",
      "offer_price": 5.29,
      "normal_price": 5.29,
      "price_per_unit": 7.05,
      "price_unit": "l",
      "discount_tag": "3 voor 12,50",
      "promo_title": "Alle Waterval",
      "validity": "wo 3 t/m wo 31 dec",
      "image_url": "https://www.jumbo.com/dam-images/fit-in/360x360/Products/12112025_1762965191752_1762965194602_6001506906128_1.png",
      "source_url": "https://www.jumbo.com/aanbiedingen/alle-waterval/3012459"
    },
    {
      "id": "79143FLS",
      "name": "Waterval - Cinsaut Pinotage - 750ML",
      "brand": "Waterval",
      "category": "Bier en wijn",
      "unit_size": "750 ml",
      "offer_price": 5.29,
      "normal_price": 5.29,
      "price_per_unit": 7.05,
      "price_unit": "l",
      "discount_tag": "3 voor 12,50",
      "promo_title": "Alle Waterval",
      "validity": "wo 3 t/m wo 31 dec",
      "image_url": "https://www.jumbo.com/dam-images/fit-in/360x360/Products/08122025_1765190073725_1765190076849_6001506900591_1.png",
      "source_url": "https://www.jumbo.com/aanbiedingen/alle-waterval/3012459"
    },
    {
      "id": "96226FLS",
      "name": "Waterval - Rosé - 750ML",
      "brand": "Waterval",
      "category": "Bier en wijn",
      "unit_size": "750 ml",
      "offer_price": 5.29,
      "normal_price": 5.29,
      "price_per_unit": 7.05,
      "price_unit": "l",
      "discount_tag": "3 voor 12,50",
      "promo_title": "Alle Waterval",
      "validity": "wo 3 t/m wo 31 dec",
      "image_url": "https://www.jumbo.com/dam-images/fit-in/360x360/Products/12112025_1762965191860_1762965195002_6001506904025_1.png",
      "source_url": "https://www.jumbo.com/aanbiedingen/alle-waterval/3012459"
    },
    {
      "id": "192936STK",
      "name": "xx",
      "brand": "Leffe",
      "category": "Bier en wijn",
      "unit_size": null,
      "offer_price": 4.88,
      "normal_price": 6.51,
      "price_per_unit": 3.62,
      "price_unit": "l",
      "discount_tag": "25% korting",
      "promo_title": "Speciaalbieren van Hertog Jan, Leffe, Grolsch, Brand of Texels",
      "validity": "wo 3 t/m wo 31 dec",
      "image_url": "",
      "source_url": "https://www.jumbo.com/aanbiedingen/speciaalbieren-van-hertog-jan-leffe-grolsch-brand-of-texels/3011997"
    },
    {
      "id": "150856PAK",
      "name": "Brand Winterbock Bier Fles 6 x 300ml",
      "brand": "Brand",
      "category": "Bier en wijn",
      "unit_size": "6 x 30 CL",
      "offer_price": 6.48,
      "normal_price": 8.65,
      "price_per_unit": 3.6,
      "price_unit": "l",
      "discount_tag": "25% korting",
      "promo_title": "Speciaalbieren van Hertog Jan, Leffe, Grolsch, Brand of Texels",
      "validity": "wo 3 t/m wo 31 dec",
      "image_url": "https://www.jumbo.com/dam-images/fit-in/360x360/Products/19122025_1766161976997_1766161985605_87232288_1.png",
      "source_url": "https://www.jumbo.com/aanbiedingen/speciaalbieren-van-hertog-jan-leffe-grolsch-brand-of-texels/3011997"
    },
    {
      "id": "178121FLS",
      "name": "Texels Tuunwal Tripel Bier Fles 300ml",
      "brand": "Texels",
      "category": "Bier en wijn",
      "unit_size": "30 CL",
      "offer_price": 1.64,
      "normal_price": 2.19,
      "price_per_unit": 5.47,
      "price_unit": "l",
      "discount_tag": "25% korting",
      "promo_title": "Speciaalbieren van Hertog Jan, Leffe, Grolsch, Brand of Texels",
      "validity": "wo 3 t/m wo 31 dec",
      "image_url": "https://www.jumbo.com/dam-images/fit-in/360x360/Products/08717903630037C1N1323e47bd-b184-418d-b647-64c763cd4570-1766412954364.png",
      "source_url": "https://www.jumbo.com/aanbiedingen/speciaalbieren-van-hertog-jan-leffe-grolsch-brand-of-texels/3011997"
    },
    {
      "id": "668933BLK",
      "name": "Texels Skuumkoppe Tarwebier Blik 500 ml",
      "brand": "Texels",
      "category": "Bier en wijn",
      "unit_size": "500 ml",
      "offer_price": 1.98,
      "normal_price": 2.65,
      "price_per_unit": 5.3,
      "price_unit": "l",
      "discount_tag": "25% korting",
      "promo_title": "Speciaalbieren van Hertog Jan, Leffe, Grolsch, Brand of Texels",
      "validity": "wo 3 t/m wo 31 dec",
      "image_url": "https://www.jumbo.com/dam-images/fit-in/360x360/Products/12122025_1765546381738_1765546387927_8712000062149_1.png",
      "source_url": "https://www.jumbo.com/aanbiedingen/speciaalbieren-van-hertog-jan-leffe-grolsch-brand-of-texels/3011997"
    },
    {
      "id": "634733DS",
      "name": "Grolsch Weizenbock 6x330ML",
      "brand": "Grolsch",
      "category": "Bier en wijn",
      "unit_size": null,
      "offer_price": 5.91,
      "normal_price": 7.89,
      "price_per_unit": 3.28,
      "price_unit": "l",
      "discount_tag": "25% korting",
      "promo_title": "Speciaalbieren van Hertog Jan, Leffe, Grolsch, Brand of Texels",
      "validity": "wo 3 t/m wo 31 dec",
      "image_url": "https://www.jumbo.com/dam-images/fit-in/360x360/Products/08716700019441H1N11fdd6cdd7-4dd3-404c-b6d0-068a86c1071a-1758099304309.png",
      "source_url": "https://www.jumbo.com/aanbiedingen/speciaalbieren-van-hertog-jan-leffe-grolsch-brand-of-texels/3011997"
    },
    {
      "id": "535666PAK",
      "name": "Leffe - Blond Belgisch Abdijbier - Blik - 6 x 330ML",
      "brand": "Leffe",
      "category": "Bier en wijn",
      "unit_size": null,
      "offer_price": 7.11,
      "normal_price": 9.49,
      "price_per_unit": 3.59,
      "price_unit": "l",
      "discount_tag": "25% korting",
      "promo_title": "Speciaalbieren van Hertog Jan, Leffe, Grolsch, Brand of Texels",
      "validity": "wo 3 t/m wo 31 dec",
      "image_url": "https://www.jumbo.com/dam-images/fit-in/360x360/Products/198120PAK-1692362499702.png",
      "source_url": "https://www.jumbo.com/aanbiedingen/speciaalbieren-van-hertog-jan-leffe-grolsch-brand-of-texels/3011997"
    },
    {
      "id": "538457TRA",
      "name": "Leffe Belgisch Abdijbier Blond Subtiel Vleugje Vanille en Kruidnagel Blikken 4 x 50 cl",
      "brand": "Leffe",
      "category": "Bier en wijn",
      "unit_size": "4 x 50 cl",
      "offer_price": 6.36,
      "normal_price": 8.49,
      "price_per_unit": 3.18,
      "price_unit": "l",
      "discount_tag": "25% korting",
      "promo_title": "Speciaalbieren van Hertog Jan, Leffe, Grolsch, Brand of Texels",
      "validity": "wo 3 t/m wo 31 dec",
      "image_url": "https://www.jumbo.com/dam-images/fit-in/360x360/Products/05112025_1762360410527_1762360415496_5410228304531_1.png",
      "source_url": "https://www.jumbo.com/aanbiedingen/speciaalbieren-van-hertog-jan-leffe-grolsch-brand-of-texels/3011997"
    },
    {
      "id": "602544DS",
      "name": "Brand Krachtig Blond Bier Fles 6 x 300ml",
      "brand": "Brand",
      "category": "Bier en wijn",
      "unit_size": null,
      "offer_price": 6.48,
      "normal_price": 8.65,
      "price_per_unit": 3.6,
      "price_unit": "l",
      "discount_tag": "25% korting",
      "promo_title": "Speciaalbieren van Hertog Jan, Leffe, Grolsch, Brand of Texels",
      "validity": "wo 3 t/m wo 31 dec",
      "image_url": "https://www.jumbo.com/dam-images/fit-in/360x360/Products/0441d4a5287e4a06b441f46a189875d308d45a01-e520-4f97-aa42-d76a8e218b1b-1727702154440.png",
      "source_url": "https://www.jumbo.com/aanbiedingen/speciaalbieren-van-hertog-jan-leffe-grolsch-brand-of-texels/3011997"
    },
    {
      "id": "617607PAK",
      "name": "Leffe Ruby Belgisch Abdijbier- Fles -  6 x 300ML",
      "brand": "Leffe",
      "category": "Bier en wijn",
      "unit_size": null,
      "offer_price": 6.26,
      "normal_price": 8.35,
      "price_per_unit": 3.48,
      "price_unit": "l",
      "discount_tag": "25% korting",
      "promo_title": "Speciaalbieren van Hertog Jan, Leffe, Grolsch, Brand of Texels",
      "validity": "wo 3 t/m wo 31 dec",
      "image_url": "https://www.jumbo.com/dam-images/fit-in/360x360/Products/05410228205678H1N1f1c062ea-47d6-4c0e-9203-96844767116f-1709823975601.png",
      "source_url": "https://www.jumbo.com/aanbiedingen/speciaalbieren-van-hertog-jan-leffe-grolsch-brand-of-texels/3011997"
    },
    {
      "id": "567470PAK",
      "name": "Hertog Jan Weizener Tarwebier Blikken 6 x 33 cl",
      "brand": "Hertog Jan",
      "category": "Bier en wijn",
      "unit_size": "6 x 33 cl",
      "offer_price": 6.74,
      "normal_price": 8.99,
      "price_per_unit": 3.4,
      "price_unit": "l",
      "discount_tag": "25% korting",
      "promo_title": "Speciaalbieren van Hertog Jan, Leffe, Grolsch, Brand of Texels",
      "validity": "wo 3 t/m wo 31 dec",
      "image_url": "https://www.jumbo.com/dam-images/fit-in/360x360/Products/12112025_1762965192186_1762965198287_8725000660246_1.png",
      "source_url": "https://www.jumbo.com/aanbiedingen/speciaalbieren-van-hertog-jan-leffe-grolsch-brand-of-texels/3011997"
    },
    {
      "id": "468678FLS",
      "name": "Texels Skiller Wit Bier Fles 300ml",
      "brand": "Texels",
      "category": "Bier en wijn",
      "unit_size": "30 CL",
      "offer_price": 1.56,
      "normal_price": 2.09,
      "price_per_unit": 5.2,
      "price_unit": "l",
      "discount_tag": "25% korting",
      "promo_title": "Speciaalbieren van Hertog Jan, Leffe, Grolsch, Brand of Texels",
      "validity": "wo 3 t/m wo 31 dec",
      "image_url": "https://www.jumbo.com/dam-images/fit-in/360x360/Products/12122025_1765531984025_1765531987703_8717903630006_1.png",
      "source_url": "https://www.jumbo.com/aanbiedingen/speciaalbieren-van-hertog-jan-leffe-grolsch-brand-of-texels/3011997"
    },
    {
      "id": "602543DS",
      "name": "Texels Skuumkoppe Bier Blik 4 x 330ml",
      "brand": "Texels",
      "category": "Bier en wijn",
      "unit_size": "4 x 330 ml",
      "offer_price": 5.73,
      "normal_price": 7.65,
      "price_per_unit": 4.34,
      "price_unit": "l",
      "discount_tag": "25% korting",
      "promo_title": "Speciaalbieren van Hertog Jan, Leffe, Grolsch, Brand of Texels",
      "validity": "wo 3 t/m wo 31 dec",
      "image_url": "https://www.jumbo.com/dam-images/fit-in/360x360/Products/12122025_1765531983509_1765531990234_8712000061807_1.png",
      "source_url": "https://www.jumbo.com/aanbiedingen/speciaalbieren-van-hertog-jan-leffe-grolsch-brand-of-texels/3011997"
    },
    {
      "id": "153947PAK",
      "name": "Brand IPA Bier Fles 6 x 300ml",
      "brand": "Brand",
      "category": "Bier en wijn",
      "unit_size": "6 x 30 CL",
      "offer_price": 6.74,
      "normal_price": 8.99,
      "price_per_unit": 3.74,
      "price_unit": "l",
      "discount_tag": "25% korting",
      "promo_title": "Speciaalbieren van Hertog Jan, Leffe, Grolsch, Brand of Texels",
      "validity": "wo 3 t/m wo 31 dec",
      "image_url": "https://www.jumbo.com/dam-images/fit-in/360x360/Products/07012025_1736267672682_1736267681935_87232370_1.png",
      "source_url": "https://www.jumbo.com/aanbiedingen/speciaalbieren-van-hertog-jan-leffe-grolsch-brand-of-texels/3011997"
    },
    {
      "id": "387033STK",
      "name": "Grolsch Herfstbok Speciaalbier 30cl fles",
      "brand": "Grolsch",
      "category": "Bier en wijn",
      "unit_size": null,
      "offer_price": 4.86,
      "normal_price": 6.49,
      "price_per_unit": 3.61,
      "price_unit": "l",
      "discount_tag": "25% korting",
      "promo_title": "Speciaalbieren van Hertog Jan, Leffe, Grolsch, Brand of Texels",
      "validity": "wo 3 t/m wo 31 dec",
      "image_url": "",
      "source_url": "https://www.jumbo.com/aanbiedingen/speciaalbieren-van-hertog-jan-leffe-grolsch-brand-of-texels/3011997"
    },
    {
      "id": "431033DS",
      "name": "Hertog Jan Grand Prestige Bier Flessen 6 x 30 cl",
      "brand": "Hertog Jan",
      "category": "Bier en wijn",
      "unit_size": "6 x 30 CL",
      "offer_price": 7.49,
      "normal_price": 9.99,
      "price_per_unit": 4.16,
      "price_unit": "l",
      "discount_tag": "25% korting",
      "promo_title": "Speciaalbieren van Hertog Jan, Leffe, Grolsch, Brand of Texels",
      "validity": "wo 3 t/m wo 31 dec",
      "image_url": "https://www.jumbo.com/dam-images/fit-in/360x360/Products/11122025_1765459971809_1765459977860_8725000656119_1.png",
      "source_url": "https://www.jumbo.com/aanbiedingen/speciaalbieren-van-hertog-jan-leffe-grolsch-brand-of-texels/3011997"
    },
    {
      "id": "508082PAK",
      "name": "Hertog Jan Weizener Tarwebier Flessen 6 x 30 cl",
      "brand": "Hertog Jan",
      "category": "Bier en wijn",
      "unit_size": "6 x 30 CL",
      "offer_price": 5.69,
      "normal_price": 7.59,
      "price_per_unit": 3.16,
      "price_unit": "l",
      "discount_tag": "25% korting",
      "promo_title": "Speciaalbieren van Hertog Jan, Leffe, Grolsch, Brand of Texels",
      "validity": "wo 3 t/m wo 31 dec",
      "image_url": "https://www.jumbo.com/dam-images/fit-in/360x360/Products/05112025_1762360410496_1762360417414_8725000641146_1.png",
      "source_url": "https://www.jumbo.com/aanbiedingen/speciaalbieren-van-hertog-jan-leffe-grolsch-brand-of-texels/3011997"
    },
    {
      "id": "717134PAK",
      "name": "Grolsch - Krachtig Kanon - Fles - 6 x 300ML",
      "brand": "Grolsch",
      "category": "Bier en wijn",
      "unit_size": null,
      "offer_price": 6.74,
      "normal_price": 8.99,
      "price_per_unit": 3.74,
      "price_unit": "l",
      "discount_tag": "25% korting",
      "promo_title": "Speciaalbieren van Hertog Jan, Leffe, Grolsch, Brand of Texels",
      "validity": "wo 3 t/m wo 31 dec",
      "image_url": "https://www.jumbo.com/dam-images/fit-in/360x360/Products/08716700009244H1N1bd3d9a48-7d1b-412e-86b7-0b716c3f5604-1758097499916.png",
      "source_url": "https://www.jumbo.com/aanbiedingen/speciaalbieren-van-hertog-jan-leffe-grolsch-brand-of-texels/3011997"
    },
    {
      "id": "35966PAK",
      "name": "Brand Oud Bruin Bier Fles 6 x 300ml",
      "brand": "Brand",
      "category": "Bier en wijn",
      "unit_size": "6 x 30 CL",
      "offer_price": 5.24,
      "normal_price": 6.99,
      "price_per_unit": 2.91,
      "price_unit": "l",
      "discount_tag": "25% korting",
      "promo_title": "Speciaalbieren van Hertog Jan, Leffe, Grolsch, Brand of Texels",
      "validity": "wo 3 t/m wo 31 dec",
      "image_url": "https://www.jumbo.com/dam-images/fit-in/360x360/Products/07012025_1736267672343_1736267679625_87232196_1.png",
      "source_url": "https://www.jumbo.com/aanbiedingen/speciaalbieren-van-hertog-jan-leffe-grolsch-brand-of-texels/3011997"
    },
    {
      "id": "161821PAK",
      "name": "Grolsch Gerijpte Herfstbok 6x300ML",
      "brand": "Grolsch",
      "category": "Bier en wijn",
      "unit_size": null,
      "offer_price": 6.59,
      "normal_price": 8.79,
      "price_per_unit": 4.88,
      "price_unit": "l",
      "discount_tag": "25% korting",
      "promo_title": "Speciaalbieren van Hertog Jan, Leffe, Grolsch, Brand of Texels",
      "validity": "wo 3 t/m wo 31 dec",
      "image_url": "https://www.jumbo.com/dam-images/fit-in/360x360/Products/08716700016808H1N15e095e41-fa32-4a18-82d0-ef787602b0e2-1727789665852.png",
      "source_url": "https://www.jumbo.com/aanbiedingen/speciaalbieren-van-hertog-jan-leffe-grolsch-brand-of-texels/3011997"
    },
    {
      "id": "621336PAK",
      "name": "RAD Texel skuumkoppe",
      "brand": "Texels",
      "category": "Bier en wijn",
      "unit_size": null,
      "offer_price": 7.05,
      "normal_price": 9.4,
      "price_per_unit": 5.22,
      "price_unit": "l",
      "discount_tag": "25% korting",
      "promo_title": "Speciaalbieren van Hertog Jan, Leffe, Grolsch, Brand of Texels",
      "validity": "wo 3 t/m wo 31 dec",
      "image_url": "",
      "source_url": "https://www.jumbo.com/aanbiedingen/speciaalbieren-van-hertog-jan-leffe-grolsch-brand-of-texels/3011997"
    },
    {
      "id": "706663PAK",
      "name": "Leffe - Bruin Belgisch Abdijbier - Fles - 6 x 300ML",
      "brand": "Leffe",
      "category": "Bier en wijn",
      "unit_size": null,
      "offer_price": 6.48,
      "normal_price": 8.65,
      "price_per_unit": 3.6,
      "price_unit": "l",
      "discount_tag": "25% korting",
      "promo_title": "Speciaalbieren van Hertog Jan, Leffe, Grolsch, Brand of Texels",
      "validity": "wo 3 t/m wo 31 dec",
      "image_url": "https://www.jumbo.com/dam-images/fit-in/360x360/Products/09082023_1691587662196_1691587676950_8725000468538_1.png",
      "source_url": "https://www.jumbo.com/aanbiedingen/speciaalbieren-van-hertog-jan-leffe-grolsch-brand-of-texels/3011997"
    },
    {
      "id": "418347KRT",
      "name": "Leffe - Blond - Krat - 24 x 250ML",
      "brand": "Leffe",
      "category": "Bier en wijn",
      "unit_size": null,
      "offer_price": 14.99,
      "normal_price": 19.99,
      "price_per_unit": 2.5,
      "price_unit": "l",
      "discount_tag": "25% korting",
      "promo_title": "Speciaalbieren van Hertog Jan, Leffe, Grolsch, Brand of Texels",
      "validity": "wo 3 t/m wo 31 dec",
      "image_url": "https://www.jumbo.com/dam-images/fit-in/360x360/Products/05410228280705H1N18aa716a6-5311-464b-90f2-86f0847d47be-1713366879675.png",
      "source_url": "https://www.jumbo.com/aanbiedingen/speciaalbieren-van-hertog-jan-leffe-grolsch-brand-of-texels/3011997"
    },
    {
      "id": "589354PAK",
      "name": "Hertog Jan Tripel Bier 6 x 30 cl",
      "brand": "Hertog Jan",
      "category": "Bier en wijn",
      "unit_size": "6 x 30 CL",
      "offer_price": 7.11,
      "normal_price": 9.49,
      "price_per_unit": 3.95,
      "price_unit": "l",
      "discount_tag": "25% korting",
      "promo_title": "Speciaalbieren van Hertog Jan, Leffe, Grolsch, Brand of Texels",
      "validity": "wo 3 t/m wo 31 dec",
      "image_url": "https://www.jumbo.com/dam-images/fit-in/360x360/Products/11122025_1765456386580_1765456392702_8725000656072_1.png",
      "source_url": "https://www.jumbo.com/aanbiedingen/speciaalbieren-van-hertog-jan-leffe-grolsch-brand-of-texels/3011997"
    },
    {
      "id": "546681DS",
      "name": "Texels Skuumkoppe Bier Fles 6 x 300 ml",
      "brand": "Texels",
      "category": "Bier en wijn",
      "unit_size": "6 x 300 ml",
      "offer_price": 7.04,
      "normal_price": 9.39,
      "price_per_unit": 3.91,
      "price_unit": "l",
      "discount_tag": "25% korting",
      "promo_title": "Speciaalbieren van Hertog Jan, Leffe, Grolsch, Brand of Texels",
      "validity": "wo 3 t/m wo 31 dec",
      "image_url": "https://www.jumbo.com/dam-images/fit-in/360x360/Products/991035d49b964b54bc426b51e0b324ee582abe28-87d0-473c-b800-169fc26ae655-1766152803105.png",
      "source_url": "https://www.jumbo.com/aanbiedingen/speciaalbieren-van-hertog-jan-leffe-grolsch-brand-of-texels/3011997"
    },
    {
      "id": "478016PAK",
      "name": "Hertog Jan Bockbier Bier Flessen 6 x 30 cl",
      "brand": "Hertog Jan",
      "category": "Bier en wijn",
      "unit_size": "6 x 30 CL",
      "offer_price": 5.84,
      "normal_price": 7.79,
      "price_per_unit": 3.24,
      "price_unit": "l",
      "discount_tag": "25% korting",
      "promo_title": "Speciaalbieren van Hertog Jan, Leffe, Grolsch, Brand of Texels",
      "validity": "wo 3 t/m wo 31 dec",
      "image_url": "https://www.jumbo.com/dam-images/fit-in/360x360/Products/14112025_1763138045009_1763138051561_8725000423278_1.png",
      "source_url": "https://www.jumbo.com/aanbiedingen/speciaalbieren-van-hertog-jan-leffe-grolsch-brand-of-texels/3011997"
    },
    {
      "id": "536738BLK",
      "name": "Grolsch Herfstbok 500ML",
      "brand": "Grolsch",
      "category": "Bier en wijn",
      "unit_size": null,
      "offer_price": 1.68,
      "normal_price": 2.25,
      "price_per_unit": 3.36,
      "price_unit": "l",
      "discount_tag": "25% korting",
      "promo_title": "Speciaalbieren van Hertog Jan, Leffe, Grolsch, Brand of Texels",
      "validity": "wo 3 t/m wo 31 dec",
      "image_url": "https://www.jumbo.com/dam-images/fit-in/360x360/Products/13092025_1757729597787_1757729612418_536738_BLK_08716700018840_H1N1.png",
      "source_url": "https://www.jumbo.com/aanbiedingen/speciaalbieren-van-hertog-jan-leffe-grolsch-brand-of-texels/3011997"
    },
    {
      "id": "536737PAK",
      "name": "Grolsch Herfstbok 6x330ML",
      "brand": "Grolsch",
      "category": "Bier en wijn",
      "unit_size": null,
      "offer_price": 6.63,
      "normal_price": 8.85,
      "price_per_unit": 3.35,
      "price_unit": "l",
      "discount_tag": "25% korting",
      "promo_title": "Speciaalbieren van Hertog Jan, Leffe, Grolsch, Brand of Texels",
      "validity": "wo 3 t/m wo 31 dec",
      "image_url": "https://www.jumbo.com/dam-images/fit-in/360x360/Products/08716700018864H1N1f2063b5b-bae1-4251-909b-ac9e01665de1-1758098634463.png",
      "source_url": "https://www.jumbo.com/aanbiedingen/speciaalbieren-van-hertog-jan-leffe-grolsch-brand-of-texels/3011997"
    },
    {
      "id": "311813PAK",
      "name": "Grolsch Winterbok 6x300ML",
      "brand": "Grolsch",
      "category": "Bier en wijn",
      "unit_size": null,
      "offer_price": 6.06,
      "normal_price": 8.09,
      "price_per_unit": 3.37,
      "price_unit": "l",
      "discount_tag": "25% korting",
      "promo_title": "Speciaalbieren van Hertog Jan, Leffe, Grolsch, Brand of Texels",
      "validity": "wo 3 t/m wo 31 dec",
      "image_url": "https://www.jumbo.com/dam-images/fit-in/360x360/Products/08716700017225H1N17bfcc2f0-e309-472a-adb5-3696409042d5-1758098438497.png",
      "source_url": "https://www.jumbo.com/aanbiedingen/speciaalbieren-van-hertog-jan-leffe-grolsch-brand-of-texels/3011997"
    },
    {
      "id": "536545BLK",
      "name": "Grolsch - Krachtig Kanon - Blik - 500ML",
      "brand": "Grolsch",
      "category": "Bier en wijn",
      "unit_size": null,
      "offer_price": 1.86,
      "normal_price": 2.49,
      "price_per_unit": 3.72,
      "price_unit": "l",
      "discount_tag": "25% korting",
      "promo_title": "Speciaalbieren van Hertog Jan, Leffe, Grolsch, Brand of Texels",
      "validity": "wo 3 t/m wo 31 dec",
      "image_url": "https://www.jumbo.com/dam-images/fit-in/360x360/Products/18032025_1742263646612_1742263656809_536545_BLK_08716700018833_H1N1.png",
      "source_url": "https://www.jumbo.com/aanbiedingen/speciaalbieren-van-hertog-jan-leffe-grolsch-brand-of-texels/3011997"
    },
    {
      "id": "603600BLK",
      "name": "Grolsch Puur Weizen Bier Blik 500ml",
      "brand": "Grolsch",
      "category": "Bier en wijn",
      "unit_size": "50 CL",
      "offer_price": 1.64,
      "normal_price": 2.19,
      "price_per_unit": 3.28,
      "price_unit": "l",
      "discount_tag": "25% korting",
      "promo_title": "Speciaalbieren van Hertog Jan, Leffe, Grolsch, Brand of Texels",
      "validity": "wo 3 t/m wo 31 dec",
      "image_url": "https://www.jumbo.com/dam-images/fit-in/360x360/Products/27032025_1743054871503_1743054880635_603600_BLK_08716700019137_C1N1.png",
      "source_url": "https://www.jumbo.com/aanbiedingen/speciaalbieren-van-hertog-jan-leffe-grolsch-brand-of-texels/3011997"
    },
    {
      "id": "603579BLK",
      "name": "Brand Neipa New England IPA Bier Blik 330ml",
      "brand": "Brand",
      "category": "Bier en wijn",
      "unit_size": "330 ml",
      "offer_price": 1.26,
      "normal_price": 1.69,
      "price_per_unit": 3.82,
      "price_unit": "l",
      "discount_tag": "25% korting",
      "promo_title": "Speciaalbieren van Hertog Jan, Leffe, Grolsch, Brand of Texels",
      "validity": "wo 3 t/m wo 31 dec",
      "image_url": "https://www.jumbo.com/dam-images/fit-in/360x360/Products/12122025_1765531983720_1765531990134_8723200102672_1.png",
      "source_url": "https://www.jumbo.com/aanbiedingen/speciaalbieren-van-hertog-jan-leffe-grolsch-brand-of-texels/3011997"
    },
    {
      "id": "386176FLS",
      "name": "Texels Overzee IPA Bier Fles 300ml",
      "brand": "Texels",
      "category": "Bier en wijn",
      "unit_size": null,
      "offer_price": 1.71,
      "normal_price": 2.29,
      "price_per_unit": 5.7,
      "price_unit": "l",
      "discount_tag": "25% korting",
      "promo_title": "Speciaalbieren van Hertog Jan, Leffe, Grolsch, Brand of Texels",
      "validity": "wo 3 t/m wo 31 dec",
      "image_url": "https://www.jumbo.com/dam-images/fit-in/360x360/Products/19112025_1763554272523_1763554316518_386176_FLS_08717903631287_A1N1.png",
      "source_url": "https://www.jumbo.com/aanbiedingen/speciaalbieren-van-hertog-jan-leffe-grolsch-brand-of-texels/3011997"
    },
    {
      "id": "536544PAK",
      "name": "Leffe - Bruin Belgisch Abdijbier - Blik - 6 x 330ML",
      "brand": "Leffe",
      "category": "Bier en wijn",
      "unit_size": null,
      "offer_price": 6.66,
      "normal_price": 8.89,
      "price_per_unit": 3.36,
      "price_unit": "l",
      "discount_tag": "25% korting",
      "promo_title": "Speciaalbieren van Hertog Jan, Leffe, Grolsch, Brand of Texels",
      "validity": "wo 3 t/m wo 31 dec",
      "image_url": "https://www.jumbo.com/dam-images/fit-in/360x360/Products/200605PAK-1692362648828.png",
      "source_url": "https://www.jumbo.com/aanbiedingen/speciaalbieren-van-hertog-jan-leffe-grolsch-brand-of-texels/3011997"
    },
    {
      "id": "707295PAK",
      "name": "Leffe - Tripel Belgisch Abdijbier - Fles - 6 x 300ML",
      "brand": "Leffe",
      "category": "Bier en wijn",
      "unit_size": null,
      "offer_price": 7.49,
      "normal_price": 9.99,
      "price_per_unit": 4.16,
      "price_unit": "l",
      "discount_tag": "25% korting",
      "promo_title": "Speciaalbieren van Hertog Jan, Leffe, Grolsch, Brand of Texels",
      "validity": "wo 3 t/m wo 31 dec",
      "image_url": "https://www.jumbo.com/dam-images/fit-in/360x360/Products/09082023_1691587662247_1691587678189_8725000539085_1.png",
      "source_url": "https://www.jumbo.com/aanbiedingen/speciaalbieren-van-hertog-jan-leffe-grolsch-brand-of-texels/3011997"
    },
    {
      "id": "681879FLS",
      "name": "Texels Frisse Wiend Bier Fles 300ml",
      "brand": "Texels",
      "category": "Bier en wijn",
      "unit_size": null,
      "offer_price": 1.94,
      "normal_price": 2.59,
      "price_per_unit": 6.47,
      "price_unit": "l",
      "discount_tag": "25% korting",
      "promo_title": "Speciaalbieren van Hertog Jan, Leffe, Grolsch, Brand of Texels",
      "validity": "wo 3 t/m wo 31 dec",
      "image_url": "https://www.jumbo.com/dam-images/fit-in/360x360/Products/08717903632239H1N18e598030-5d06-4d54-838c-025efa611770-1766152818326.png",
      "source_url": "https://www.jumbo.com/aanbiedingen/speciaalbieren-van-hertog-jan-leffe-grolsch-brand-of-texels/3011997"
    },
    {
      "id": "162794FLS",
      "name": "Texels Jutters Bock Bier Fles 300ml",
      "brand": "Texels",
      "category": "Bier en wijn",
      "unit_size": "30 CL",
      "offer_price": 1.49,
      "normal_price": 1.99,
      "price_per_unit": 4.97,
      "price_unit": "l",
      "discount_tag": "25% korting",
      "promo_title": "Speciaalbieren van Hertog Jan, Leffe, Grolsch, Brand of Texels",
      "validity": "wo 3 t/m wo 31 dec",
      "image_url": "https://www.jumbo.com/dam-images/fit-in/360x360/Products/ce0d9a7a9cb44b98ac6fcd798077955328df1fdc1-cf57-4bc6-b3be-896134e0e587-1766412950922.png",
      "source_url": "https://www.jumbo.com/aanbiedingen/speciaalbieren-van-hertog-jan-leffe-grolsch-brand-of-texels/3011997"
    },
    {
      "id": "536305PAK",
      "name": "Leffe Tripel 4x330ML",
      "brand": "Leffe",
      "category": "Bier en wijn",
      "unit_size": null,
      "offer_price": 5.99,
      "normal_price": 7.99,
      "price_per_unit": 4.54,
      "price_unit": "l",
      "discount_tag": "25% korting",
      "promo_title": "Speciaalbieren van Hertog Jan, Leffe, Grolsch, Brand of Texels",
      "validity": "wo 3 t/m wo 31 dec",
      "image_url": "https://www.jumbo.com/dam-images/fit-in/360x360/Products/536305_5410228300366_1_T1_223966PAK1691078605351.png",
      "source_url": "https://www.jumbo.com/aanbiedingen/speciaalbieren-van-hertog-jan-leffe-grolsch-brand-of-texels/3011997"
    },
    {
      "id": "602732PAK",
      "name": "Grolsch - Puur Weizen - Fles - 6 x 300ML",
      "brand": "Grolsch",
      "category": "Bier en wijn",
      "unit_size": "6 x 30 CL",
      "offer_price": 5.61,
      "normal_price": 7.49,
      "price_per_unit": 3.12,
      "price_unit": "l",
      "discount_tag": "25% korting",
      "promo_title": "Speciaalbieren van Hertog Jan, Leffe, Grolsch, Brand of Texels",
      "validity": "wo 3 t/m wo 31 dec",
      "image_url": "https://www.jumbo.com/dam-images/fit-in/360x360/Products/08716700019298H1N1d5566fa1-31b6-4045-9da7-bf18dadc86a1-1758098946625.png",
      "source_url": "https://www.jumbo.com/aanbiedingen/speciaalbieren-van-hertog-jan-leffe-grolsch-brand-of-texels/3011997"
    },
    {
      "id": "65321PAK",
      "name": "Brand Weizen Bier Fles 6 x 300ml",
      "brand": "Brand",
      "category": "Bier en wijn",
      "unit_size": "6 x 30 CL",
      "offer_price": 5.61,
      "normal_price": 7.49,
      "price_per_unit": 3.12,
      "price_unit": "l",
      "discount_tag": "25% korting",
      "promo_title": "Speciaalbieren van Hertog Jan, Leffe, Grolsch, Brand of Texels",
      "validity": "wo 3 t/m wo 31 dec",
      "image_url": "https://www.jumbo.com/dam-images/fit-in/360x360/Products/07012025_1736267672501_1736267679971_87232233_1.png",
      "source_url": "https://www.jumbo.com/aanbiedingen/speciaalbieren-van-hertog-jan-leffe-grolsch-brand-of-texels/3011997"
    },
    {
      "id": "57827PAK",
      "name": "Brand Dubbelbock Bier Fles 6 x 300ml",
      "brand": "Brand",
      "category": "Bier en wijn",
      "unit_size": "6 x 30 CL",
      "offer_price": 5.84,
      "normal_price": 7.79,
      "price_per_unit": 3.24,
      "price_unit": "l",
      "discount_tag": "25% korting",
      "promo_title": "Speciaalbieren van Hertog Jan, Leffe, Grolsch, Brand of Texels",
      "validity": "wo 3 t/m wo 31 dec",
      "image_url": "https://www.jumbo.com/dam-images/fit-in/360x360/Products/19122025_1766161976588_1766161985154_87232226_1.png",
      "source_url": "https://www.jumbo.com/aanbiedingen/speciaalbieren-van-hertog-jan-leffe-grolsch-brand-of-texels/3011997"
    },
    {
      "id": "702957DS",
      "name": "Leffe Winterbier 6x330ML",
      "brand": "Leffe",
      "category": "Bier en wijn",
      "unit_size": null,
      "offer_price": 6.51,
      "normal_price": 8.69,
      "price_per_unit": 3.29,
      "price_unit": "l",
      "discount_tag": "25% korting",
      "promo_title": "Speciaalbieren van Hertog Jan, Leffe, Grolsch, Brand of Texels",
      "validity": "wo 3 t/m wo 31 dec",
      "image_url": "https://www.jumbo.com/dam-images/fit-in/360x360/Products/05410228251699C1N127a95bfb-656b-4f78-9959-28c9df29d188-1759130457463.png",
      "source_url": "https://www.jumbo.com/aanbiedingen/speciaalbieren-van-hertog-jan-leffe-grolsch-brand-of-texels/3011997"
    },
    {
      "id": "705035FLS",
      "name": "Texels Stormbock Bier Fles 300ml",
      "brand": "Texels",
      "category": "Bier en wijn",
      "unit_size": "30 CL",
      "offer_price": 1.94,
      "normal_price": 2.59,
      "price_per_unit": 6.47,
      "price_unit": "l",
      "discount_tag": "25% korting",
      "promo_title": "Speciaalbieren van Hertog Jan, Leffe, Grolsch, Brand of Texels",
      "validity": "wo 3 t/m wo 31 dec",
      "image_url": "https://www.jumbo.com/dam-images/fit-in/360x360/Products/f7035cd4653646f9b393b63d3ad2f7b549babe41-3850-44b1-8115-b0b456b0c796-1766152807329.png",
      "source_url": "https://www.jumbo.com/aanbiedingen/speciaalbieren-van-hertog-jan-leffe-grolsch-brand-of-texels/3011997"
    },
    {
      "id": "431130DS",
      "name": "Hertog Jan Karakter Bier Flessen 6 x 30 cl",
      "brand": "Hertog Jan",
      "category": "Bier en wijn",
      "unit_size": "6 x 30 CL",
      "offer_price": 6.51,
      "normal_price": 8.69,
      "price_per_unit": 3.62,
      "price_unit": "l",
      "discount_tag": "25% korting",
      "promo_title": "Speciaalbieren van Hertog Jan, Leffe, Grolsch, Brand of Texels",
      "validity": "wo 3 t/m wo 31 dec",
      "image_url": "https://www.jumbo.com/dam-images/fit-in/360x360/Products/11122025_1765456386353_1765456393683_8725000656096_1.png",
      "source_url": "https://www.jumbo.com/aanbiedingen/speciaalbieren-van-hertog-jan-leffe-grolsch-brand-of-texels/3011997"
    },
    {
      "id": "368774FLS",
      "name": "Texels Zeebries Blond Bier Fles 300ml",
      "brand": "Texels",
      "category": "Bier en wijn",
      "unit_size": "30 CL",
      "offer_price": 1.49,
      "normal_price": 1.99,
      "price_per_unit": 4.97,
      "price_unit": "l",
      "discount_tag": "25% korting",
      "promo_title": "Speciaalbieren van Hertog Jan, Leffe, Grolsch, Brand of Texels",
      "validity": "wo 3 t/m wo 31 dec",
      "image_url": "https://www.jumbo.com/dam-images/fit-in/360x360/Products/17122025_1765939156088_1765939159040_368774_FLS_08717903631102_A1N1.png",
      "source_url": "https://www.jumbo.com/aanbiedingen/speciaalbieren-van-hertog-jan-leffe-grolsch-brand-of-texels/3011997"
    },
    {
      "id": "718610PAK",
      "name": "Grolsch Herfstbok 6x300ML",
      "brand": "Grolsch",
      "category": "Bier en wijn",
      "unit_size": null,
      "offer_price": 5.84,
      "normal_price": 7.79,
      "price_per_unit": 3.24,
      "price_unit": "l",
      "discount_tag": "25% korting",
      "promo_title": "Speciaalbieren van Hertog Jan, Leffe, Grolsch, Brand of Texels",
      "validity": "wo 3 t/m wo 31 dec",
      "image_url": "https://www.jumbo.com/dam-images/fit-in/360x360/Products/08716700002535H1N1caa9d39d-6840-4f22-b4cb-e34088b83a40-1758098501020.png",
      "source_url": "https://www.jumbo.com/aanbiedingen/speciaalbieren-van-hertog-jan-leffe-grolsch-brand-of-texels/3011997"
    },
    {
      "id": "707562PAK",
      "name": "Leffe - Blond Belgisch Abdijbier - Fles - 6 x 300ML",
      "brand": "Leffe",
      "category": "Bier en wijn",
      "unit_size": null,
      "offer_price": 6.48,
      "normal_price": 8.65,
      "price_per_unit": 3.6,
      "price_unit": "l",
      "discount_tag": "25% korting",
      "promo_title": "Speciaalbieren van Hertog Jan, Leffe, Grolsch, Brand of Texels",
      "validity": "wo 3 t/m wo 31 dec",
      "image_url": "https://www.jumbo.com/dam-images/fit-in/360x360/Products/09082023_1691587662300_1691587676527_8725000443795_1.png",
      "source_url": "https://www.jumbo.com/aanbiedingen/speciaalbieren-van-hertog-jan-leffe-grolsch-brand-of-texels/3011997"
    },
    {
      "id": "431035FLS",
      "name": "Texels Springtij Bier Fles 300ml",
      "brand": "Texels",
      "category": "Bier en wijn",
      "unit_size": "30 CL",
      "offer_price": 1.64,
      "normal_price": 2.19,
      "price_per_unit": 5.47,
      "price_unit": "l",
      "discount_tag": "25% korting",
      "promo_title": "Speciaalbieren van Hertog Jan, Leffe, Grolsch, Brand of Texels",
      "validity": "wo 3 t/m wo 31 dec",
      "image_url": "https://www.jumbo.com/dam-images/fit-in/360x360/Products/8b6fa244300f46a3955c1abc5a0ad177e824ac14-81e4-45f2-afb1-5cc364c128ee-1766412980697.png",
      "source_url": "https://www.jumbo.com/aanbiedingen/speciaalbieren-van-hertog-jan-leffe-grolsch-brand-of-texels/3011997"
    },
    {
      "id": "589652DSL",
      "name": "Pampers Harmonie Aqua Babydoekjes 14 verpakkingen = 672 Doekjes",
      "brand": "Pampers",
      "category": "Drogisterij en baby",
      "unit_size": null,
      "offer_price": 33.22,
      "normal_price": 47.46,
      "price_per_unit": 0.05,
      "price_unit": "pieces",
      "discount_tag": "30% korting",
      "promo_title": "Pampers babydoekjes",
      "validity": "wo 3 t/m wo 31 dec",
      "image_url": "https://www.jumbo.com/dam-images/fit-in/360x360/Products/16042024_1713267308628_1713267314420_8006540458556_1.png",
      "source_url": "https://www.jumbo.com/aanbiedingen/pampers-babydoekjes/3012278"
    },
    {
      "id": "481199FLS",
      "name": "Cif CleanBoost Schuurmiddel Cream Citroen 750 ml",
      "brand": "Cif",
      "category": "Huishouden en dieren",
      "unit_size": "750 ml",
      "offer_price": 3.49,
      "normal_price": 3.49,
      "price_per_unit": 4.65,
      "price_unit": "l",
      "discount_tag": "1+1 gratis",
      "promo_title": "Alle Sun of Cif",
      "validity": "wo 17 t/m wo 31 dec",
      "image_url": "https://www.jumbo.com/dam-images/fit-in/360x360/Products/01122025_1764558515821_1764558539415_481199_FLS_08720182346148_H1N1.png",
      "source_url": "https://www.jumbo.com/aanbiedingen/alle-sun-of-cif/3012426"
    },
    {
      "id": "563746ZK",
      "name": "Sun Brilliant Shine All in 1 Vaatwascapsules 16 Stuks 240 g",
      "brand": "Sun",
      "category": "Huishouden en dieren",
      "unit_size": "240 g",
      "offer_price": 9.99,
      "normal_price": 9.99,
      "price_per_unit": 0.62,
      "price_unit": "pieces",
      "discount_tag": "1+1 gratis",
      "promo_title": "Alle Sun of Cif",
      "validity": "wo 17 t/m wo 31 dec",
      "image_url": "https://www.jumbo.com/dam-images/fit-in/360x360/Products/22112025_1763794739770_1763794783945_563746_ZK_08720181376320_H1N1.png",
      "source_url": "https://www.jumbo.com/aanbiedingen/alle-sun-of-cif/3012426"
    },
    {
      "id": "481252FLS",
      "name": "Cif CleanBoost Schuurmiddel Cream Pink 750 ml",
      "brand": "Cif",
      "category": "Huishouden en dieren",
      "unit_size": "750 ml",
      "offer_price": 3.99,
      "normal_price": 3.99,
      "price_per_unit": 5.32,
      "price_unit": "l",
      "discount_tag": "1+1 gratis",
      "promo_title": "Alle Sun of Cif",
      "validity": "wo 17 t/m wo 31 dec",
      "image_url": "https://www.jumbo.com/dam-images/fit-in/360x360/Products/14122025_1765680232175_1765680274353_481252_FLS_08720182346155_H1N1.png",
      "source_url": "https://www.jumbo.com/aanbiedingen/alle-sun-of-cif/3012426"
    },
    {
      "id": "498763DS",
      "name": "Sun Machinereiniger Out-Wash 3 doses",
      "brand": "Sun",
      "category": "Huishouden en dieren",
      "unit_size": "3 x 40 g",
      "offer_price": 4.99,
      "normal_price": 4.99,
      "price_per_unit": 41.58,
      "price_unit": "kg",
      "discount_tag": "1+1 gratis",
      "promo_title": "Alle Sun of Cif",
      "validity": "wo 17 t/m wo 31 dec",
      "image_url": "https://www.jumbo.com/dam-images/fit-in/360x360/Products/10122025_1765335633446_1765335661086_498763_DS_08720181257629_H1N1.png",
      "source_url": "https://www.jumbo.com/aanbiedingen/alle-sun-of-cif/3012426"
    },
    {
      "id": "624208FLS",
      "name": "Sun Spoelglans Vaatwas 750 ml",
      "brand": "Sun",
      "category": "Huishouden en dieren",
      "unit_size": "750 ml",
      "offer_price": 4.75,
      "normal_price": 4.75,
      "price_per_unit": 6.33,
      "price_unit": "l",
      "discount_tag": "1+1 gratis",
      "promo_title": "Alle Sun of Cif",
      "validity": "wo 17 t/m wo 31 dec",
      "image_url": "https://www.jumbo.com/dam-images/fit-in/360x360/Products/14122025_1765681093963_1765681104233_624208_FLS_08720181485879_C1N1.png",
      "source_url": "https://www.jumbo.com/aanbiedingen/alle-sun-of-cif/3012426"
    },
    {
      "id": "621510DS",
      "name": "Sun All-in 1 Vaatwastabletten Citroen 19 tabletten",
      "brand": "Sun",
      "category": "Huishouden en dieren",
      "unit_size": null,
      "offer_price": 10.49,
      "normal_price": 10.49,
      "price_per_unit": 0.55,
      "price_unit": "pieces",
      "discount_tag": "1+1 gratis",
      "promo_title": "Alle Sun of Cif",
      "validity": "wo 17 t/m wo 31 dec",
      "image_url": "https://www.jumbo.com/dam-images/fit-in/360x360/Products/28082025_1756370018545_1756370025227_8720181493560_1.png",
      "source_url": "https://www.jumbo.com/aanbiedingen/alle-sun-of-cif/3012426"
    },
    {
      "id": "564003ZK",
      "name": "Sun Brilliant Shine Vaatwascapsules All-in 1 26 capsules",
      "brand": "Sun",
      "category": "Huishouden en dieren",
      "unit_size": "390 g",
      "offer_price": 14.99,
      "normal_price": 14.99,
      "price_per_unit": 0.58,
      "price_unit": "pieces",
      "discount_tag": "1+1 gratis",
      "promo_title": "Alle Sun of Cif",
      "validity": "wo 17 t/m wo 31 dec",
      "image_url": "https://www.jumbo.com/dam-images/fit-in/360x360/Products/02092025_1756775528723_1756775575532_564003_ZK_08720181376337_H1N1.png",
      "source_url": "https://www.jumbo.com/aanbiedingen/alle-sun-of-cif/3012426"
    },
    {
      "id": "564004ZK",
      "name": "Sun Brilliant Shine Vaatwascapsules All-in 1 34 capsules",
      "brand": "Sun",
      "category": "Huishouden en dieren",
      "unit_size": "510 g",
      "offer_price": 19.41,
      "normal_price": 19.41,
      "price_per_unit": 0.57,
      "price_unit": "pieces",
      "discount_tag": "1+1 gratis",
      "promo_title": "Alle Sun of Cif",
      "validity": "wo 17 t/m wo 31 dec",
      "image_url": "https://www.jumbo.com/dam-images/fit-in/360x360/Products/26032025_1742959433550_1742959508227_564004_ZK_08720181376344_H1N1.png",
      "source_url": "https://www.jumbo.com/aanbiedingen/alle-sun-of-cif/3012426"
    },
    {
      "id": "621512DS",
      "name": "Sun All-in 1 Vaatwastabletten Citroen 46 tabletten",
      "brand": "Sun",
      "category": "Huishouden en dieren",
      "unit_size": null,
      "offer_price": 22.99,
      "normal_price": 22.99,
      "price_per_unit": 0.5,
      "price_unit": "pieces",
      "discount_tag": "1+1 gratis",
      "promo_title": "Alle Sun of Cif",
      "validity": "wo 17 t/m wo 31 dec",
      "image_url": "https://www.jumbo.com/dam-images/fit-in/360x360/Products/28082025_1756370018603_1756370024726_8720181493584_1.png",
      "source_url": "https://www.jumbo.com/aanbiedingen/alle-sun-of-cif/3012426"
    },
    {
      "id": "621513DS",
      "name": "Sun All-in 1 Vaatwastabletten Citroen 60 tabletten",
      "brand": "Sun",
      "category": "Huishouden en dieren",
      "unit_size": null,
      "offer_price": 29.69,
      "normal_price": 29.69,
      "price_per_unit": 0.49,
      "price_unit": "pieces",
      "discount_tag": "1+1 gratis",
      "promo_title": "Alle Sun of Cif",
      "validity": "wo 17 t/m wo 31 dec",
      "image_url": "https://www.jumbo.com/dam-images/fit-in/360x360/Products/28072025_1753695193435_1753695200396_8720181493607_1.png",
      "source_url": "https://www.jumbo.com/aanbiedingen/alle-sun-of-cif/3012426"
    },
    {
      "id": "481251FLS",
      "name": "Cif CleanBoost Schuurmiddel Cream Original 750 ml",
      "brand": "Cif",
      "category": "Huishouden en dieren",
      "unit_size": "750 ml",
      "offer_price": 3.49,
      "normal_price": 3.49,
      "price_per_unit": 4.65,
      "price_unit": "l",
      "discount_tag": "1+1 gratis",
      "promo_title": "Alle Sun of Cif",
      "validity": "wo 17 t/m wo 31 dec",
      "image_url": "https://www.jumbo.com/dam-images/fit-in/360x360/Products/24112025_1763962354816_1763962404637_481251_FLS_08720182346131_H1N1.png",
      "source_url": "https://www.jumbo.com/aanbiedingen/alle-sun-of-cif/3012426"
    },
    {
      "id": "622974ZK",
      "name": "Sun Brilliant Shine Plus Vaatwascapsules All-in 1 16 capsules",
      "brand": "Sun",
      "category": "Huishouden en dieren",
      "unit_size": "240 g",
      "offer_price": 10.99,
      "normal_price": 10.99,
      "price_per_unit": 0.69,
      "price_unit": "pieces",
      "discount_tag": "1+1 gratis",
      "promo_title": "Alle Sun of Cif",
      "validity": "wo 17 t/m wo 31 dec",
      "image_url": "https://www.jumbo.com/dam-images/fit-in/360x360/Products/14032025_1741925850403_1741925891664_622974_ZK_08720181514302_C1N1.png",
      "source_url": "https://www.jumbo.com/aanbiedingen/alle-sun-of-cif/3012426"
    },
    {
      "id": "530197BLS",
      "name": "Sun Vaatwasmachine Verfrisser Citroen 1 stuk",
      "brand": "Sun",
      "category": "Huishouden en dieren",
      "unit_size": null,
      "offer_price": 4.49,
      "normal_price": 4.49,
      "price_per_unit": 4.49,
      "price_unit": "pieces",
      "discount_tag": "1+1 gratis",
      "promo_title": "Alle Sun of Cif",
      "validity": "wo 17 t/m wo 31 dec",
      "image_url": "https://www.jumbo.com/dam-images/fit-in/360x360/Products/21112024_1732214143860_1732214150898_3601690092114_1.png",
      "source_url": "https://www.jumbo.com/aanbiedingen/alle-sun-of-cif/3012426"
    },
    {
      "id": "622973DS",
      "name": "Sun Vaatwasmachinereiniger In-Wash 4 doses",
      "brand": "Sun",
      "category": "Huishouden en dieren",
      "unit_size": null,
      "offer_price": 5.99,
      "normal_price": 5.99,
      "price_per_unit": 99.83,
      "price_unit": "kg",
      "discount_tag": "1+1 gratis",
      "promo_title": "Alle Sun of Cif",
      "validity": "wo 17 t/m wo 31 dec",
      "image_url": "https://www.jumbo.com/dam-images/fit-in/360x360/Products/03122025_1764734375018_1764734399952_622973_DS_08720181491719_H1N1.png",
      "source_url": "https://www.jumbo.com/aanbiedingen/alle-sun-of-cif/3012426"
    },
    {
      "id": "621479FLS",
      "name": "Sun Spoelglansmiddel Dry & Shine 500 ml",
      "brand": "Sun",
      "category": "Huishouden en dieren",
      "unit_size": "500 ml",
      "offer_price": 5.79,
      "normal_price": 5.79,
      "price_per_unit": 11.58,
      "price_unit": "l",
      "discount_tag": "1+1 gratis",
      "promo_title": "Alle Sun of Cif",
      "validity": "wo 17 t/m wo 31 dec",
      "image_url": "https://www.jumbo.com/dam-images/fit-in/360x360/Products/20082025_1755658745855_1755658768835_621479_FLS_08720181491818_H1N1.png",
      "source_url": "https://www.jumbo.com/aanbiedingen/alle-sun-of-cif/3012426"
    },
    {
      "id": "622977FLS",
      "name": "Cif CleanBoost Allesreiniger Spray Cream 700 ml",
      "brand": "Cif",
      "category": "Huishouden en dieren",
      "unit_size": "700 ml",
      "offer_price": 3.99,
      "normal_price": 3.99,
      "price_per_unit": 5.7,
      "price_unit": "l",
      "discount_tag": "1+1 gratis",
      "promo_title": "Alle Sun of Cif",
      "validity": "wo 17 t/m wo 31 dec",
      "image_url": "https://www.jumbo.com/dam-images/fit-in/360x360/Products/15112024_1731643727939_1731643753565_622977_FLS_08720181512483_H1N1.png",
      "source_url": "https://www.jumbo.com/aanbiedingen/alle-sun-of-cif/3012426"
    },
    {
      "id": "622975ZK",
      "name": "Sun Brilliant Shine Plus Vaatwascapsules All-in 1 34 capsules",
      "brand": "Sun",
      "category": "Huishouden en dieren",
      "unit_size": "510 g",
      "offer_price": 23.19,
      "normal_price": 23.19,
      "price_per_unit": 0.68,
      "price_unit": "pieces",
      "discount_tag": "1+1 gratis",
      "promo_title": "Alle Sun of Cif",
      "validity": "wo 17 t/m wo 31 dec",
      "image_url": "https://www.jumbo.com/dam-images/fit-in/360x360/Products/10122025_1765337255183_1765337260514_622975_ZK_08720182805454_H1N1.png",
      "source_url": "https://www.jumbo.com/aanbiedingen/alle-sun-of-cif/3012426"
    },
    {
      "id": "538530PAK",
      "name": "Amstel Radler Citroen 0.0 Bier Blik 6 x 330ml",
      "brand": "Amstel",
      "category": "Bier en wijn",
      "unit_size": "6 x 330 ml",
      "offer_price": 6.29,
      "normal_price": 6.29,
      "price_per_unit": 3.18,
      "price_unit": "l",
      "discount_tag": "Gratis glas bij 1 stuk",
      "promo_title": "Gratis glas bij aankoop van een multipack Amstel",
      "validity": "wo 10 t/m di 23 dec",
      "image_url": "https://www.jumbo.com/dam-images/fit-in/360x360/Products/22122025_1766403191940_1766403196474_8712000059460_1.png",
      "source_url": "https://www.jumbo.com/aanbiedingen/gratis-glas-bij-aankoop-van-een-multipack-amstel/3013597"
    },
    {
      "id": "90276PAK",
      "name": "Amstel Radler Citroen Bier Fles 6 x 300ml",
      "brand": "Amstel",
      "category": "Bier en wijn",
      "unit_size": "6 x 30 cl",
      "offer_price": 5.79,
      "normal_price": 5.79,
      "price_per_unit": 3.22,
      "price_unit": "l",
      "discount_tag": "Gratis glas bij 1 stuk",
      "promo_title": "Gratis glas bij aankoop van een multipack Amstel",
      "validity": "wo 10 t/m di 23 dec",
      "image_url": "https://www.jumbo.com/dam-images/fit-in/360x360/Products/22122025_1766403190736_1766403196925_8712000033088_1.png",
      "source_url": "https://www.jumbo.com/aanbiedingen/gratis-glas-bij-aankoop-van-een-multipack-amstel/3013597"
    },
    {
      "id": "539053PAK",
      "name": "Amstel Radler Citroen Bier Blik 6 x 330ml",
      "brand": "Amstel",
      "category": "Bier en wijn",
      "unit_size": "6 x 330 ml",
      "offer_price": 6.29,
      "normal_price": 6.29,
      "price_per_unit": 3.18,
      "price_unit": "l",
      "discount_tag": "Gratis glas bij 1 stuk",
      "promo_title": "Gratis glas bij aankoop van een multipack Amstel",
      "validity": "wo 10 t/m di 23 dec",
      "image_url": "https://www.jumbo.com/dam-images/fit-in/360x360/Products/22122025_1766403192090_1766403196075_8712000059453_1.png",
      "source_url": "https://www.jumbo.com/aanbiedingen/gratis-glas-bij-aankoop-van-een-multipack-amstel/3013597"
    },
    {
      "id": "668935DS",
      "name": "Amstel Bier Rosé 4.0 Blikken 4 x 330 ml",
      "brand": "Amstel",
      "category": "Bier en wijn",
      "unit_size": "4 x 330 ml",
      "offer_price": 7.29,
      "normal_price": 7.29,
      "price_per_unit": 5.52,
      "price_unit": "l",
      "discount_tag": "Gratis glas bij 1 stuk",
      "promo_title": "Gratis glas bij aankoop van een multipack Amstel",
      "validity": "wo 10 t/m di 23 dec",
      "image_url": "https://www.jumbo.com/dam-images/fit-in/360x360/Products/12122025_1765549996427_1765550002643_8712000062330_1.png",
      "source_url": "https://www.jumbo.com/aanbiedingen/gratis-glas-bij-aankoop-van-een-multipack-amstel/3013597"
    },
    {
      "id": "474560DS",
      "name": "Amstel Pilsener 0.0 Bier Fles 6 x 300ml",
      "brand": "Amstel",
      "category": "Bier en wijn",
      "unit_size": "6 x 30 cl",
      "offer_price": 4.99,
      "normal_price": 4.99,
      "price_per_unit": 2.77,
      "price_unit": "l",
      "discount_tag": "Gratis glas bij 1 stuk",
      "promo_title": "Gratis glas bij aankoop van een multipack Amstel",
      "validity": "wo 10 t/m di 23 dec",
      "image_url": "https://www.jumbo.com/dam-images/fit-in/360x360/Products/12122025_1765549995618_1765550048653_8712000057817_596.png",
      "source_url": "https://www.jumbo.com/aanbiedingen/gratis-glas-bij-aankoop-van-een-multipack-amstel/3013597"
    },
    {
      "id": "594289PAK",
      "name": "Amstel Rosé Bier Fles 6 x 300ml",
      "brand": "Amstel",
      "category": "Bier en wijn",
      "unit_size": "6 x 300 ml",
      "offer_price": 7.49,
      "normal_price": 7.49,
      "price_per_unit": 4.16,
      "price_unit": "l",
      "discount_tag": "Gratis glas bij 1 stuk",
      "promo_title": "Gratis glas bij aankoop van een multipack Amstel",
      "validity": "wo 10 t/m di 23 dec",
      "image_url": "https://www.jumbo.com/dam-images/fit-in/360x360/Products/19122025_1766161977266_1766161982725_8712000061418_1.png",
      "source_url": "https://www.jumbo.com/aanbiedingen/gratis-glas-bij-aankoop-van-een-multipack-amstel/3013597"
    },
    {
      "id": "538519PAK",
      "name": "Amstel Pilsener Bier Blik 6 x 500ml",
      "brand": "Amstel",
      "category": "Bier en wijn",
      "unit_size": "6 x 500 ml",
      "offer_price": 7.39,
      "normal_price": 7.39,
      "price_per_unit": 2.46,
      "price_unit": "l",
      "discount_tag": "Gratis glas bij 1 stuk",
      "promo_title": "Gratis glas bij aankoop van een multipack Amstel",
      "validity": "wo 10 t/m di 23 dec",
      "image_url": "https://www.jumbo.com/dam-images/fit-in/360x360/Products/07012025_1736267693523_1736267698636_8712000059040_1.png",
      "source_url": "https://www.jumbo.com/aanbiedingen/gratis-glas-bij-aankoop-van-een-multipack-amstel/3013597"
    },
    {
      "id": "669466DS",
      "name": "Amstel Bier Rosé 0.0 Flessen 6 x 300 ml",
      "brand": "Amstel",
      "category": "Bier en wijn",
      "unit_size": "6 x 300 ml",
      "offer_price": 6.99,
      "normal_price": 6.99,
      "price_per_unit": 3.88,
      "price_unit": "l",
      "discount_tag": "Gratis glas bij 1 stuk",
      "promo_title": "Gratis glas bij aankoop van een multipack Amstel",
      "validity": "wo 10 t/m di 23 dec",
      "image_url": "https://www.jumbo.com/dam-images/fit-in/360x360/Products/12122025_1765549996562_1765550003118_8712000062132_1.png",
      "source_url": "https://www.jumbo.com/aanbiedingen/gratis-glas-bij-aankoop-van-een-multipack-amstel/3013597"
    },
    {
      "id": "134930PAK",
      "name": "Amstel Radler Citroen 0.0 Bier Fles 6 x 300ml",
      "brand": "Amstel",
      "category": "Bier en wijn",
      "unit_size": "6 x 30 cl",
      "offer_price": 5.65,
      "normal_price": 5.65,
      "price_per_unit": 3.14,
      "price_unit": "l",
      "discount_tag": "Gratis glas bij 1 stuk",
      "promo_title": "Gratis glas bij aankoop van een multipack Amstel",
      "validity": "wo 10 t/m di 23 dec",
      "image_url": "https://www.jumbo.com/dam-images/fit-in/360x360/Products/22122025_1766403190547_1766403195674_8712000034160_1.png",
      "source_url": "https://www.jumbo.com/aanbiedingen/gratis-glas-bij-aankoop-van-een-multipack-amstel/3013597"
    },
    {
      "id": "536532PAK",
      "name": "Amstel Pilsener Bier Blik 6 x 330ml",
      "brand": "Amstel",
      "category": "Bier en wijn",
      "unit_size": "6 x 330 ml",
      "offer_price": 5.99,
      "normal_price": 5.99,
      "price_per_unit": 3.03,
      "price_unit": "l",
      "discount_tag": "Gratis glas bij 1 stuk",
      "promo_title": "Gratis glas bij aankoop van een multipack Amstel",
      "validity": "wo 10 t/m di 23 dec",
      "image_url": "https://www.jumbo.com/dam-images/fit-in/360x360/Products/07012025_1736267693209_1736267697288_8712000059026_1.png",
      "source_url": "https://www.jumbo.com/aanbiedingen/gratis-glas-bij-aankoop-van-een-multipack-amstel/3013597"
    },
    {
      "id": "634866DS",
      "name": "Amstel Bier Bock Fles 6 x 300ml",
      "brand": "Amstel",
      "category": "Bier en wijn",
      "unit_size": "6 x 300 ml",
      "offer_price": 7.69,
      "normal_price": 7.69,
      "price_per_unit": 4.27,
      "price_unit": "l",
      "discount_tag": "Gratis glas bij 1 stuk",
      "promo_title": "Gratis glas bij aankoop van een multipack Amstel",
      "validity": "wo 10 t/m di 23 dec",
      "image_url": "https://www.jumbo.com/dam-images/fit-in/360x360/Products/08728600001068H1N11b3f48f0b-7435-40b7-b232-76ecc886249b-1766152804247.png",
      "source_url": "https://www.jumbo.com/aanbiedingen/gratis-glas-bij-aankoop-van-een-multipack-amstel/3013597"
    },
    {
      "id": "637555TUB",
      "name": "Parodontax Active Repair Tandvlees Freshmint 75 ML",
      "brand": "Parodontax",
      "category": "Drogisterij en baby",
      "unit_size": null,
      "offer_price": 7.29,
      "normal_price": 7.29,
      "price_per_unit": 97.2,
      "price_unit": "l",
      "discount_tag": "1+1 gratis",
      "promo_title": "Alle Parodontax",
      "validity": "wo 17 t/m wo 31 dec",
      "image_url": "https://www.jumbo.com/dam-images/fit-in/360x360/Products/28062024_1719565395146_1719565396791_637555_TUB_05054563164858_C1N1.png",
      "source_url": "https://www.jumbo.com/aanbiedingen/alle-parodontax/3012442"
    },
    {
      "id": "705065DS",
      "name": "Parodontax Whitening  Tandpasta 75 ML",
      "brand": "Parodontax",
      "category": "Drogisterij en baby",
      "unit_size": null,
      "offer_price": 5.85,
      "normal_price": 5.85,
      "price_per_unit": 78.0,
      "price_unit": "l",
      "discount_tag": "1+1 gratis",
      "promo_title": "Alle Parodontax",
      "validity": "wo 17 t/m wo 31 dec",
      "image_url": "https://www.jumbo.com/dam-images/fit-in/360x360/Products/25092025_1758763114949_1758763117258_705065_DS_05054563263278_C1N1.png",
      "source_url": "https://www.jumbo.com/aanbiedingen/alle-parodontax/3012442"
    },
    {
      "id": "381942STK",
      "name": "Parodontax Extra Fresh dagelijkse tandpasta tegen bloedend tandvlees 75 ml",
      "brand": "Parodontax",
      "category": "Drogisterij en baby",
      "unit_size": null,
      "offer_price": 5.79,
      "normal_price": 5.79,
      "price_per_unit": 77.2,
      "price_unit": "l",
      "discount_tag": "1+1 gratis",
      "promo_title": "Alle Parodontax",
      "validity": "wo 17 t/m wo 31 dec",
      "image_url": "https://www.jumbo.com/dam-images/fit-in/360x360/Products/24122024_1735007882501_1735007884957_381942_STK_05054563148483_C1N1.png",
      "source_url": "https://www.jumbo.com/aanbiedingen/alle-parodontax/3012442"
    },
    {
      "id": "705064DS",
      "name": "Parodontax Active Repair Tandvlees Freshmint 75 ML",
      "brand": "Parodontax",
      "category": "Drogisterij en baby",
      "unit_size": null,
      "offer_price": 7.29,
      "normal_price": 7.29,
      "price_per_unit": 97.2,
      "price_unit": "l",
      "discount_tag": "1+1 gratis",
      "promo_title": "Alle Parodontax",
      "validity": "wo 17 t/m wo 31 dec",
      "image_url": "https://www.jumbo.com/dam-images/fit-in/360x360/Products/25092025_1758763123372_1758763125736_705064_DS_05054563262875_C1N1.png",
      "source_url": "https://www.jumbo.com/aanbiedingen/alle-parodontax/3012442"
    },
    {
      "id": "381946STK",
      "name": "Parodontax Complete Protection Whitening Tandpasta tegen bloedend tandvlees 75 ml",
      "brand": "Parodontax",
      "category": "Drogisterij en baby",
      "unit_size": null,
      "offer_price": 7.29,
      "normal_price": 7.29,
      "price_per_unit": 97.2,
      "price_unit": "l",
      "discount_tag": "1+1 gratis",
      "promo_title": "Alle Parodontax",
      "validity": "wo 17 t/m wo 31 dec",
      "image_url": "https://www.jumbo.com/dam-images/fit-in/360x360/Products/08052025_1746668426553_1746668428959_381946_STK_05054563949325_C1N1.png",
      "source_url": "https://www.jumbo.com/aanbiedingen/alle-parodontax/3012442"
    },
    {
      "id": "381938STK",
      "name": "Parodontax Whitening dagelijkse tandpasta tegen bloedend tandvlees 75 ml",
      "brand": "Parodontax",
      "category": "Drogisterij en baby",
      "unit_size": null,
      "offer_price": 5.85,
      "normal_price": 5.85,
      "price_per_unit": 78.0,
      "price_unit": "l",
      "discount_tag": "1+1 gratis",
      "promo_title": "Alle Parodontax",
      "validity": "wo 17 t/m wo 31 dec",
      "image_url": "https://www.jumbo.com/dam-images/fit-in/360x360/Products/24122024_1735006403899_1735006406263_381938_STK_05054563148407_C1N1.png",
      "source_url": "https://www.jumbo.com/aanbiedingen/alle-parodontax/3012442"
    },
    {
      "id": "381940STK",
      "name": "Parodontax No Fluoride fluoridevrije tandpasta tegen bloedend tandvlees 75 ml",
      "brand": "Parodontax",
      "category": "Drogisterij en baby",
      "unit_size": null,
      "offer_price": 5.79,
      "normal_price": 5.79,
      "price_per_unit": 77.2,
      "price_unit": "l",
      "discount_tag": "1+1 gratis",
      "promo_title": "Alle Parodontax",
      "validity": "wo 17 t/m wo 31 dec",
      "image_url": "https://www.jumbo.com/dam-images/fit-in/360x360/Products/25042024_1714012878180_1714012879582_381940_STK_05054563087096_C1N1.png",
      "source_url": "https://www.jumbo.com/aanbiedingen/alle-parodontax/3012442"
    },
    {
      "id": "300769STK",
      "name": "Parodontax Daily Care Mondwater Extra Fresh voor gezond tandvlees 500 ml",
      "brand": "Parodontax",
      "category": "Drogisterij en baby",
      "unit_size": null,
      "offer_price": 6.99,
      "normal_price": 6.99,
      "price_per_unit": 13.98,
      "price_unit": "l",
      "discount_tag": "1+1 gratis",
      "promo_title": "Alle Parodontax",
      "validity": "wo 17 t/m wo 31 dec",
      "image_url": "https://www.jumbo.com/dam-images/fit-in/360x360/Products/30092025_1759196819394_1759196822624_300769_STK_05054563126450_C1N1.png",
      "source_url": "https://www.jumbo.com/aanbiedingen/alle-parodontax/3012442"
    },
    {
      "id": "381945STK",
      "name": "Parodontax Complete Protection Extra Fresh dagelijkse tandpasta tegen bloedend tandvlees 75 ml",
      "brand": "Parodontax",
      "category": "Drogisterij en baby",
      "unit_size": null,
      "offer_price": 7.29,
      "normal_price": 7.29,
      "price_per_unit": 97.2,
      "price_unit": "l",
      "discount_tag": "1+1 gratis",
      "promo_title": "Alle Parodontax",
      "validity": "wo 17 t/m wo 31 dec",
      "image_url": "https://www.jumbo.com/dam-images/fit-in/360x360/Products/08042025_1744076542098_1744076544194_381945_STK_05054563949288_C1N1.png",
      "source_url": "https://www.jumbo.com/aanbiedingen/alle-parodontax/3012442"
    },
    {
      "id": "381936DS",
      "name": "Parodontax Original dagelijkse tandpasta tegen bloedend tandvlees 75 ml",
      "brand": "Parodontax",
      "category": "Drogisterij en baby",
      "unit_size": null,
      "offer_price": 5.73,
      "normal_price": 5.73,
      "price_per_unit": 76.4,
      "price_unit": "l",
      "discount_tag": "1+1 gratis",
      "promo_title": "Alle Parodontax",
      "validity": "wo 17 t/m wo 31 dec",
      "image_url": "https://www.jumbo.com/dam-images/fit-in/360x360/Products/08042025_1744075093028_1744075095593_381936_DS_05054563148445_C1N1.png",
      "source_url": "https://www.jumbo.com/aanbiedingen/alle-parodontax/3012442"
    },
    {
      "id": "494319DS",
      "name": "Tandvlees+ gevoeligheid&adem tandpasta",
      "brand": "Parodontax",
      "category": "Drogisterij en baby",
      "unit_size": null,
      "offer_price": 7.29,
      "normal_price": 7.29,
      "price_per_unit": 97.2,
      "price_unit": "l",
      "discount_tag": "1+1 gratis",
      "promo_title": "Alle Parodontax",
      "validity": "wo 17 t/m wo 31 dec",
      "image_url": "https://www.jumbo.com/dam-images/fit-in/360x360/Products/30092025_1759196743961_1759196746041_494319_DS_05054563119599_C1N1.png",
      "source_url": "https://www.jumbo.com/aanbiedingen/alle-parodontax/3012442"
    },
    {
      "id": "705066DS",
      "name": "Parodontax Fluoridevrij  Tandpasta 75 ML",
      "brand": "Parodontax",
      "category": "Drogisterij en baby",
      "unit_size": null,
      "offer_price": 5.79,
      "normal_price": 5.79,
      "price_per_unit": 77.2,
      "price_unit": "l",
      "discount_tag": "1+1 gratis",
      "promo_title": "Alle Parodontax",
      "validity": "wo 17 t/m wo 31 dec",
      "image_url": "https://www.jumbo.com/dam-images/fit-in/360x360/Products/25092025_1758763105240_1758763107516_705066_DS_05054563263353_C1N1.png",
      "source_url": "https://www.jumbo.com/aanbiedingen/alle-parodontax/3012442"
    },
    {
      "id": "705068DS",
      "name": "Parodontax Extra Fresh Tandpasta 75 ML",
      "brand": "Parodontax",
      "category": "Drogisterij en baby",
      "unit_size": null,
      "offer_price": 5.79,
      "normal_price": 5.79,
      "price_per_unit": 77.2,
      "price_unit": "l",
      "discount_tag": "1+1 gratis",
      "promo_title": "Alle Parodontax",
      "validity": "wo 17 t/m wo 31 dec",
      "image_url": "https://www.jumbo.com/dam-images/fit-in/360x360/Products/25092025_1758763075113_1758763077446_705068_DS_05054563262790_C1N1.png",
      "source_url": "https://www.jumbo.com/aanbiedingen/alle-parodontax/3012442"
    },
    {
      "id": "705072DS",
      "name": "Parodontax Complete Protection Extra Fresh Tandpasta 75 ML",
      "brand": "Parodontax",
      "category": "Drogisterij en baby",
      "unit_size": null,
      "offer_price": 7.29,
      "normal_price": 7.29,
      "price_per_unit": 97.2,
      "price_unit": "l",
      "discount_tag": "1+1 gratis",
      "promo_title": "Alle Parodontax",
      "validity": "wo 17 t/m wo 31 dec",
      "image_url": "https://www.jumbo.com/dam-images/fit-in/360x360/Products/25092025_1758765729471_1758765732019_705072_DS_05054563262912_C1N1.png",
      "source_url": "https://www.jumbo.com/aanbiedingen/alle-parodontax/3012442"
    },
    {
      "id": "705070DS",
      "name": "Parodontax Active Repair Whitening Tandpasta 75 ML",
      "brand": "Parodontax",
      "category": "Drogisterij en baby",
      "unit_size": null,
      "offer_price": 7.49,
      "normal_price": 7.49,
      "price_per_unit": 99.87,
      "price_unit": "l",
      "discount_tag": "1+1 gratis",
      "promo_title": "Alle Parodontax",
      "validity": "wo 17 t/m wo 31 dec",
      "image_url": "https://www.jumbo.com/dam-images/fit-in/360x360/Products/25092025_1758765766389_1758765768890_705070_DS_05054563262837_C1N1.png",
      "source_url": "https://www.jumbo.com/aanbiedingen/alle-parodontax/3012442"
    },
    {
      "id": "705063DS",
      "name": "Parodontax Fluoride Tandpasta 75 ML",
      "brand": "Parodontax",
      "category": "Drogisterij en baby",
      "unit_size": null,
      "offer_price": 5.79,
      "normal_price": 5.79,
      "price_per_unit": 77.2,
      "price_unit": "l",
      "discount_tag": "1+1 gratis",
      "promo_title": "Alle Parodontax",
      "validity": "wo 17 t/m wo 31 dec",
      "image_url": "https://www.jumbo.com/dam-images/fit-in/360x360/Products/25092025_1758763131179_1758763133494_705063_DS_05054563265685_C1N1.png",
      "source_url": "https://www.jumbo.com/aanbiedingen/alle-parodontax/3012442"
    },
    {
      "id": "637557TUB",
      "name": "Parodontax Active Repair Tandvlees Whitening 75 ML",
      "brand": "Parodontax",
      "category": "Drogisterij en baby",
      "unit_size": null,
      "offer_price": 6.99,
      "normal_price": 6.99,
      "price_per_unit": 93.2,
      "price_unit": "l",
      "discount_tag": "1+1 gratis",
      "promo_title": "Alle Parodontax",
      "validity": "wo 17 t/m wo 31 dec",
      "image_url": "https://www.jumbo.com/dam-images/fit-in/360x360/Products/28062024_1719565418269_1719565419877_637557_TUB_05054563165510_C1N1.png",
      "source_url": "https://www.jumbo.com/aanbiedingen/alle-parodontax/3012442"
    },
    {
      "id": "381944STK",
      "name": "Parodontax Ultra Clean dagelijkse tandpasta tegen bloedend tandvlees 75 ml",
      "brand": "Parodontax",
      "category": "Drogisterij en baby",
      "unit_size": null,
      "offer_price": 5.85,
      "normal_price": 5.85,
      "price_per_unit": 78.0,
      "price_unit": "l",
      "discount_tag": "1+1 gratis",
      "promo_title": "Alle Parodontax",
      "validity": "wo 17 t/m wo 31 dec",
      "image_url": "https://www.jumbo.com/dam-images/fit-in/360x360/Products/29112024_1732848134222_1732848136635_381944_STK_05054563148322_C1N1.png",
      "source_url": "https://www.jumbo.com/aanbiedingen/alle-parodontax/3012442"
    },
    {
      "id": "705071DS",
      "name": "Parodontax Ultra Clean Tandpasta 75 ML",
      "brand": "Parodontax",
      "category": "Drogisterij en baby",
      "unit_size": null,
      "offer_price": 5.85,
      "normal_price": 5.85,
      "price_per_unit": 78.0,
      "price_unit": "l",
      "discount_tag": "1+1 gratis",
      "promo_title": "Alle Parodontax",
      "validity": "wo 17 t/m wo 31 dec",
      "image_url": "https://www.jumbo.com/dam-images/fit-in/360x360/Products/25092025_1758765738241_1758765740558_705071_DS_05054563265609_C1N1.png",
      "source_url": "https://www.jumbo.com/aanbiedingen/alle-parodontax/3012442"
    },
    {
      "id": "705069DS",
      "name": "Parodontax Complete Protection Whitening Tandpasta 75 ML",
      "brand": "Parodontax",
      "category": "Drogisterij en baby",
      "unit_size": null,
      "offer_price": 7.29,
      "normal_price": 7.29,
      "price_per_unit": 97.2,
      "price_unit": "l",
      "discount_tag": "1+1 gratis",
      "promo_title": "Alle Parodontax",
      "validity": "wo 17 t/m wo 31 dec",
      "image_url": "https://www.jumbo.com/dam-images/fit-in/360x360/Products/25092025_1758763059707_1758763062055_705069_DS_05054563262950_C1N1.png",
      "source_url": "https://www.jumbo.com/aanbiedingen/alle-parodontax/3012442"
    },
    {
      "id": "252334STK",
      "name": "Page Compleet Schoon Toiletpapier 24-rollen",
      "brand": "Page",
      "category": "Huishouden en dieren",
      "unit_size": null,
      "offer_price": 9.99,
      "normal_price": 14.99,
      "price_per_unit": 0.42,
      "price_unit": "pieces",
      "discount_tag": "voor 9,99",
      "promo_title": "Page compleet schoon toiletpapier",
      "validity": "wo 3 t/m wo 31 dec",
      "image_url": "https://www.jumbo.com/dam-images/fit-in/360x360/Products/26112025_1764137053281_1764137057211_252334_STK_05029053583303_C1N1.png",
      "source_url": "https://www.jumbo.com/aanbiedingen/page-compleet-schoon-toiletpapier/3012116"
    },
    {
      "id": "545682BUS",
      "name": "Gillette Classic Scheergel Originele Geur, 200ml",
      "brand": "Gillette",
      "category": "Drogisterij en baby",
      "unit_size": "200 Mililiters",
      "offer_price": 3.89,
      "normal_price": 3.89,
      "price_per_unit": 19.45,
      "price_unit": "l",
      "discount_tag": "1+1 gratis",
      "promo_title": "Alle Gillette",
      "validity": "wo 17 t/m wo 31 dec",
      "image_url": "https://www.jumbo.com/dam-images/fit-in/360x360/Products/16102025_1760572930002_1760572932268_8001090787217_1.png",
      "source_url": "https://www.jumbo.com/aanbiedingen/alle-gillette/3012367"
    },
    {
      "id": "689670DS",
      "name": "Gillette Venus Pro Smooth Sensitive Mesjes Voor Vrouwen, Gevoelige Huid",
      "brand": "Gillette",
      "category": "Drogisterij en baby",
      "unit_size": null,
      "offer_price": 94.99,
      "normal_price": 94.99,
      "price_per_unit": 6.79,
      "price_unit": "pieces",
      "discount_tag": "1+1 gratis",
      "promo_title": "Alle Gillette",
      "validity": "wo 17 t/m wo 31 dec",
      "image_url": "https://www.jumbo.com/dam-images/fit-in/360x360/Products/17122025_1765933303029_1765933307566_8700216618533_1.png",
      "source_url": "https://www.jumbo.com/aanbiedingen/alle-gillette/3012367"
    },
    {
      "id": "620461DS",
      "name": "__MISSING_PRODUCT__",
      "brand": "Gillette",
      "category": "Drogisterij en baby",
      "unit_size": null,
      "offer_price": 54.99,
      "normal_price": 54.99,
      "price_per_unit": 54.99,
      "price_unit": "pieces",
      "discount_tag": "1+1 gratis",
      "promo_title": "Alle Gillette",
      "validity": "wo 17 t/m wo 31 dec",
      "image_url": "",
      "source_url": "https://www.jumbo.com/aanbiedingen/alle-gillette/3012367"
    },
    {
      "id": "545966BUS",
      "name": "Gillette Satin Care Scheergel, Aloë Vera, 200ml",
      "brand": "Gillette",
      "category": "Drogisterij en baby",
      "unit_size": "200 Mililiters",
      "offer_price": 5.19,
      "normal_price": 5.19,
      "price_per_unit": 25.95,
      "price_unit": "l",
      "discount_tag": "1+1 gratis",
      "promo_title": "Alle Gillette",
      "validity": "wo 17 t/m wo 31 dec",
      "image_url": "https://www.jumbo.com/dam-images/fit-in/360x360/Products/01102025_1759276944675_1759276948848_8006540768808_1.png",
      "source_url": "https://www.jumbo.com/aanbiedingen/alle-gillette/3012367"
    },
    {
      "id": "588352DS",
      "name": "Gillette Venus Smooth Navulmesjes Voor Vrouwen X12",
      "brand": "Gillette",
      "category": "Drogisterij en baby",
      "unit_size": null,
      "offer_price": 39.99,
      "normal_price": 39.99,
      "price_per_unit": 3.33,
      "price_unit": "pieces",
      "discount_tag": "1+1 gratis",
      "promo_title": "Alle Gillette",
      "validity": "wo 17 t/m wo 31 dec",
      "image_url": "https://www.jumbo.com/dam-images/fit-in/360x360/Products/15062024_1718416406251_1718416407541_588352_DS_07702018580026_C1N1.png",
      "source_url": "https://www.jumbo.com/aanbiedingen/alle-gillette/3012367"
    },
    {
      "id": "716818DS",
      "name": "GilletteLabs Met Exfoliërende Strip Scheermes voor Mannen",
      "brand": "Gillette",
      "category": "Drogisterij en baby",
      "unit_size": null,
      "offer_price": 29.99,
      "normal_price": 29.99,
      "price_per_unit": 29.99,
      "price_unit": "pieces",
      "discount_tag": "1+1 gratis",
      "promo_title": "Alle Gillette",
      "validity": "wo 17 t/m wo 31 dec",
      "image_url": "https://www.jumbo.com/dam-images/fit-in/360x360/Products/08102025_1759923275843_1759923280140_8700216561105_1.png",
      "source_url": "https://www.jumbo.com/aanbiedingen/alle-gillette/3012367"
    },
    {
      "id": "608905DS",
      "name": "__MISSING_PRODUCT__",
      "brand": "Gillette",
      "category": "Drogisterij en baby",
      "unit_size": null,
      "offer_price": 62.71,
      "normal_price": 62.71,
      "price_per_unit": 62.71,
      "price_unit": "pieces",
      "discount_tag": "1+1 gratis",
      "promo_title": "Alle Gillette",
      "validity": "wo 17 t/m wo 31 dec",
      "image_url": "",
      "source_url": "https://www.jumbo.com/aanbiedingen/alle-gillette/3012367"
    },
    {
      "id": "678235DS",
      "name": "Gillette Mach3 Base 20 Navulmesjes Voor Mannen",
      "brand": "Gillette",
      "category": "Drogisterij en baby",
      "unit_size": null,
      "offer_price": 83.12,
      "normal_price": 83.12,
      "price_per_unit": 4.16,
      "price_unit": "pieces",
      "discount_tag": "1+1 gratis",
      "promo_title": "Alle Gillette",
      "validity": "wo 17 t/m wo 31 dec",
      "image_url": "https://www.jumbo.com/dam-images/fit-in/360x360/Products/16102025_1760572934000_1760572940662_8700216588041_1.png",
      "source_url": "https://www.jumbo.com/aanbiedingen/alle-gillette/3012367"
    },
    {
      "id": "588351DS",
      "name": "GilletteLabs With Exfoliating Bar Scheersysteem, 1 Handvat - 5 Navulmesje, Van Gillette",
      "brand": "Gillette",
      "category": "Drogisterij en baby",
      "unit_size": null,
      "offer_price": 54.99,
      "normal_price": 54.99,
      "price_per_unit": 54.99,
      "price_unit": "pieces",
      "discount_tag": "1+1 gratis",
      "promo_title": "Alle Gillette",
      "validity": "wo 17 t/m wo 31 dec",
      "image_url": "https://www.jumbo.com/dam-images/fit-in/360x360/Products/20122024_1734665574173_1734665578324_7702018627578_1.png",
      "source_url": "https://www.jumbo.com/aanbiedingen/alle-gillette/3012367"
    },
    {
      "id": "546863DS",
      "name": "Gillette Sensor3 Comfort, Wegwerpscheermes X6",
      "brand": "Gillette",
      "category": "Drogisterij en baby",
      "unit_size": null,
      "offer_price": 9.89,
      "normal_price": 9.89,
      "price_per_unit": 1.65,
      "price_unit": "pieces",
      "discount_tag": "1+1 gratis",
      "promo_title": "Alle Gillette",
      "validity": "wo 17 t/m wo 31 dec",
      "image_url": "https://www.jumbo.com/dam-images/fit-in/360x360/Products/27052025_1748331213463_1748331219356_8006540740637_1.png",
      "source_url": "https://www.jumbo.com/aanbiedingen/alle-gillette/3012367"
    },
    {
      "id": "545684BUS",
      "name": "Gillette Series Verzachtende Scheergel, 200ml",
      "brand": "Gillette",
      "category": "Drogisterij en baby",
      "unit_size": "200 Mililiters",
      "offer_price": 5.29,
      "normal_price": 5.29,
      "price_per_unit": 26.45,
      "price_unit": "l",
      "discount_tag": "1+1 gratis",
      "promo_title": "Alle Gillette",
      "validity": "wo 17 t/m wo 31 dec",
      "image_url": "https://www.jumbo.com/dam-images/fit-in/360x360/Products/01102025_1759276941249_1759276943928_8006540765814_1.png",
      "source_url": "https://www.jumbo.com/aanbiedingen/alle-gillette/3012367"
    },
    {
      "id": "678234DS",
      "name": "Gillette Mach3 Base 5 Navulmesjes Voor Mannen",
      "brand": "Gillette",
      "category": "Drogisterij en baby",
      "unit_size": null,
      "offer_price": 20.99,
      "normal_price": 20.99,
      "price_per_unit": 4.2,
      "price_unit": "pieces",
      "discount_tag": "1+1 gratis",
      "promo_title": "Alle Gillette",
      "validity": "wo 17 t/m wo 31 dec",
      "image_url": "https://www.jumbo.com/dam-images/fit-in/360x360/Products/16122025_1765846895680_1765846900189_8700216504454_1.png",
      "source_url": "https://www.jumbo.com/aanbiedingen/alle-gillette/3012367"
    },
    {
      "id": "620460DS",
      "name": "__MISSING_PRODUCT__",
      "brand": "Gillette",
      "category": "Drogisterij en baby",
      "unit_size": null,
      "offer_price": 14.35,
      "normal_price": 14.35,
      "price_per_unit": 14.35,
      "price_unit": "pieces",
      "discount_tag": "1+1 gratis",
      "promo_title": "Alle Gillette",
      "validity": "wo 17 t/m wo 31 dec",
      "image_url": "",
      "source_url": "https://www.jumbo.com/aanbiedingen/alle-gillette/3012367"
    },
    {
      "id": "678233DS",
      "name": "Gillette Fusion5 16 Navulmesjes voor Mannen",
      "brand": "Gillette",
      "category": "Drogisterij en baby",
      "unit_size": null,
      "offer_price": 96.82,
      "normal_price": 96.82,
      "price_per_unit": 6.05,
      "price_unit": "pieces",
      "discount_tag": "1+1 gratis",
      "promo_title": "Alle Gillette",
      "validity": "wo 17 t/m wo 31 dec",
      "image_url": "https://www.jumbo.com/dam-images/fit-in/360x360/Products/29092025_1759105995816_1759106001316_8001090819536_1.png",
      "source_url": "https://www.jumbo.com/aanbiedingen/alle-gillette/3012367"
    },
    {
      "id": "545680BUS",
      "name": "Gillette Classic Sensitive Scheergel, 200ml",
      "brand": "Gillette",
      "category": "Drogisterij en baby",
      "unit_size": "200 Mililiters",
      "offer_price": 3.55,
      "normal_price": 3.55,
      "price_per_unit": 17.75,
      "price_unit": "l",
      "discount_tag": "1+1 gratis",
      "promo_title": "Alle Gillette",
      "validity": "wo 17 t/m wo 31 dec",
      "image_url": "https://www.jumbo.com/dam-images/fit-in/360x360/Products/08102025_1759923275155_1759923277569_7702018621255_1.png",
      "source_url": "https://www.jumbo.com/aanbiedingen/alle-gillette/3012367"
    },
    {
      "id": "620462DS",
      "name": "__MISSING_PRODUCT__",
      "brand": "Gillette",
      "category": "Drogisterij en baby",
      "unit_size": null,
      "offer_price": 43.47,
      "normal_price": 43.47,
      "price_per_unit": 43.47,
      "price_unit": "pieces",
      "discount_tag": "1+1 gratis",
      "promo_title": "Alle Gillette",
      "validity": "wo 17 t/m wo 31 dec",
      "image_url": "",
      "source_url": "https://www.jumbo.com/aanbiedingen/alle-gillette/3012367"
    },
    {
      "id": "681206DS",
      "name": "Gillette Venus Smooth Sensitive Voor Vrouwen 1 Handvat + 2 Navulmesjes",
      "brand": "Gillette",
      "category": "Drogisterij en baby",
      "unit_size": null,
      "offer_price": 14.99,
      "normal_price": 14.99,
      "price_per_unit": 14.99,
      "price_unit": "pieces",
      "discount_tag": "1+1 gratis",
      "promo_title": "Alle Gillette",
      "validity": "wo 17 t/m wo 31 dec",
      "image_url": "https://www.jumbo.com/dam-images/fit-in/360x360/Products/30092025_1759190541204_1759190546842_8700216487689_1.png",
      "source_url": "https://www.jumbo.com/aanbiedingen/alle-gillette/3012367"
    },
    {
      "id": "608904DS",
      "name": "__MISSING_PRODUCT__",
      "brand": "Gillette",
      "category": "Drogisterij en baby",
      "unit_size": null,
      "offer_price": 64.99,
      "normal_price": 64.99,
      "price_per_unit": 64.99,
      "price_unit": "pieces",
      "discount_tag": "1+1 gratis",
      "promo_title": "Alle Gillette",
      "validity": "wo 17 t/m wo 31 dec",
      "image_url": "",
      "source_url": "https://www.jumbo.com/aanbiedingen/alle-gillette/3012367"
    },
    {
      "id": "681207DS",
      "name": "Gillette Venus Smooth Sensitive Voor Vrouwen, 4 Navulmesjes",
      "brand": "Gillette",
      "category": "Drogisterij en baby",
      "unit_size": null,
      "offer_price": 16.99,
      "normal_price": 16.99,
      "price_per_unit": 4.25,
      "price_unit": "pieces",
      "discount_tag": "1+1 gratis",
      "promo_title": "Alle Gillette",
      "validity": "wo 17 t/m wo 31 dec",
      "image_url": "https://www.jumbo.com/dam-images/fit-in/360x360/Products/09122025_1765276370880_1765276375341_8700216495516_1.png",
      "source_url": "https://www.jumbo.com/aanbiedingen/alle-gillette/3012367"
    },
    {
      "id": "678236DS",
      "name": "Gillette Fusion5 Scheermes voor Mannen, 1 Handvat, 2 Navulmesjes",
      "brand": "Gillette",
      "category": "Drogisterij en baby",
      "unit_size": null,
      "offer_price": 18.49,
      "normal_price": 18.49,
      "price_per_unit": 18.49,
      "price_unit": "pieces",
      "discount_tag": "1+1 gratis",
      "promo_title": "Alle Gillette",
      "validity": "wo 17 t/m wo 31 dec",
      "image_url": "https://www.jumbo.com/dam-images/fit-in/360x360/Products/29092025_1759105995953_1759106000762_8700216465786_1.png",
      "source_url": "https://www.jumbo.com/aanbiedingen/alle-gillette/3012367"
    },
    {
      "id": "678231DS",
      "name": "Gillette Fusion5 4 Navulmesjes voor Mannen",
      "brand": "Gillette",
      "category": "Drogisterij en baby",
      "unit_size": null,
      "offer_price": 24.49,
      "normal_price": 24.49,
      "price_per_unit": 6.12,
      "price_unit": "pieces",
      "discount_tag": "1+1 gratis",
      "promo_title": "Alle Gillette",
      "validity": "wo 17 t/m wo 31 dec",
      "image_url": "https://www.jumbo.com/dam-images/fit-in/360x360/Products/20062025_1750382163380_1750382165712_678231_DS_08700216479622_C1N1.png",
      "source_url": "https://www.jumbo.com/aanbiedingen/alle-gillette/3012367"
    },
    {
      "id": "545765BUS",
      "name": "Gillette Fusion Scheergel Sensitive, 200ml",
      "brand": "Gillette",
      "category": "Drogisterij en baby",
      "unit_size": "200 Mililiters",
      "offer_price": 7.59,
      "normal_price": 7.59,
      "price_per_unit": 37.95,
      "price_unit": "l",
      "discount_tag": "1+1 gratis",
      "promo_title": "Alle Gillette",
      "validity": "wo 17 t/m wo 31 dec",
      "image_url": "https://www.jumbo.com/dam-images/fit-in/360x360/Products/01102025_1759276944728_1759276950116_8006540765654_1.png",
      "source_url": "https://www.jumbo.com/aanbiedingen/alle-gillette/3012367"
    },
    {
      "id": "620977ZK",
      "name": "Dreft Platinum All In One Vaatwastabletten, Original, 39 Capsules",
      "brand": "Dreft",
      "category": "Huishouden en dieren",
      "unit_size": null,
      "offer_price": 20.39,
      "normal_price": 20.39,
      "price_per_unit": 0.52,
      "price_unit": "pieces",
      "discount_tag": "1+1 gratis",
      "promo_title": "Alle Dreft",
      "validity": "wo 17 t/m wo 31 dec",
      "image_url": "https://www.jumbo.com/dam-images/fit-in/360x360/Products/10122025_1765334861608_1765334868368_620977_ZK_08700216264556_H1N1.png",
      "source_url": "https://www.jumbo.com/aanbiedingen/alle-dreft/3012386"
    },
    {
      "id": "676430FLS",
      "name": "Dreft MaxPower Lemon Vloeibaar Afwasmiddel 450ml",
      "brand": "Dreft",
      "category": "Huishouden en dieren",
      "unit_size": "450 Mililiters",
      "offer_price": 4.69,
      "normal_price": 4.69,
      "price_per_unit": 10.42,
      "price_unit": "l",
      "discount_tag": "1+1 gratis",
      "promo_title": "Alle Dreft",
      "validity": "wo 17 t/m wo 31 dec",
      "image_url": "https://www.jumbo.com/dam-images/fit-in/360x360/Products/10122025_1765333284988_1765333288848_676430_FLS_08700216474511_H1N1.png",
      "source_url": "https://www.jumbo.com/aanbiedingen/alle-dreft/3012386"
    },
    {
      "id": "676379FLS",
      "name": "Dreft MaxPower Vloeibaar 730ml",
      "brand": "Dreft",
      "category": "Huishouden en dieren",
      "unit_size": "730 Mililiters",
      "offer_price": 6.99,
      "normal_price": 6.99,
      "price_per_unit": 9.58,
      "price_unit": "l",
      "discount_tag": "1+1 gratis",
      "promo_title": "Alle Dreft",
      "validity": "wo 17 t/m wo 31 dec",
      "image_url": "https://www.jumbo.com/dam-images/fit-in/360x360/Products/10122025_1765339264158_1765339268040_676379_FLS_08700216625081_H1N1.png",
      "source_url": "https://www.jumbo.com/aanbiedingen/alle-dreft/3012386"
    },
    {
      "id": "620679ZK",
      "name": "Dreft Platinum All In One Vaatwastabletten, Original, 15 Capsules",
      "brand": "Dreft",
      "category": "Huishouden en dieren",
      "unit_size": null,
      "offer_price": 8.49,
      "normal_price": 8.49,
      "price_per_unit": 0.57,
      "price_unit": "pieces",
      "discount_tag": "1+1 gratis",
      "promo_title": "Alle Dreft",
      "validity": "wo 17 t/m wo 31 dec",
      "image_url": "https://www.jumbo.com/dam-images/fit-in/360x360/Products/09102025_1759968150783_1759968155756_8700216264419_1.png",
      "source_url": "https://www.jumbo.com/aanbiedingen/alle-dreft/3012386"
    },
    {
      "id": "676457FLS",
      "name": "Dreft MaxPower Vloeibaar 450ml",
      "brand": "Dreft",
      "category": "Huishouden en dieren",
      "unit_size": "450 Mililiters",
      "offer_price": 4.39,
      "normal_price": 4.39,
      "price_per_unit": 9.76,
      "price_unit": "l",
      "discount_tag": "1+1 gratis",
      "promo_title": "Alle Dreft",
      "validity": "wo 17 t/m wo 31 dec",
      "image_url": "https://www.jumbo.com/dam-images/fit-in/360x360/Products/10122025_1765338134565_1765338138311_676457_FLS_08700216474504_H1N1.png",
      "source_url": "https://www.jumbo.com/aanbiedingen/alle-dreft/3012386"
    },
    {
      "id": "676458FLS",
      "name": "Dreft 3in1 Power Spray, Citroen, 500 ML",
      "brand": "Dreft",
      "category": "Huishouden en dieren",
      "unit_size": "500 Mililiters",
      "offer_price": 7.99,
      "normal_price": 7.99,
      "price_per_unit": 15.98,
      "price_unit": "l",
      "discount_tag": "1+1 gratis",
      "promo_title": "Alle Dreft",
      "validity": "wo 17 t/m wo 31 dec",
      "image_url": "https://www.jumbo.com/dam-images/fit-in/360x360/Products/11112025_1762828959792_1762828967495_676458_FLS_08700216591010_H1N1.png",
      "source_url": "https://www.jumbo.com/aanbiedingen/alle-dreft/3012386"
    },
    {
      "id": "690256FLS",
      "name": "Dreft MaxPower Vloeibaar Afwasmiddel Hygiëne 730ml",
      "brand": "Dreft",
      "category": "Huishouden en dieren",
      "unit_size": "730 Mililiters",
      "offer_price": 7.59,
      "normal_price": 7.59,
      "price_per_unit": 10.4,
      "price_unit": "l",
      "discount_tag": "1+1 gratis",
      "promo_title": "Alle Dreft",
      "validity": "wo 17 t/m wo 31 dec",
      "image_url": "https://www.jumbo.com/dam-images/fit-in/360x360/Products/10122025_1765336140732_1765336144302_690256_FLS_08700216891868_H1N1.png",
      "source_url": "https://www.jumbo.com/aanbiedingen/alle-dreft/3012386"
    },
    {
      "id": "690255FLS",
      "name": "Dreft Natuurlijke Geur Afwasmiddel Lavendel & Rozemarijn 730ML",
      "brand": "Dreft",
      "category": "Huishouden en dieren",
      "unit_size": "730 Mililiters",
      "offer_price": 7.59,
      "normal_price": 7.59,
      "price_per_unit": 10.4,
      "price_unit": "l",
      "discount_tag": "1+1 gratis",
      "promo_title": "Alle Dreft",
      "validity": "wo 17 t/m wo 31 dec",
      "image_url": "https://www.jumbo.com/dam-images/fit-in/360x360/Products/10122025_1765336146336_1765336150622_690255_FLS_08700216891882_H1N1.png",
      "source_url": "https://www.jumbo.com/aanbiedingen/alle-dreft/3012386"
    },
    {
      "id": "676438FLS",
      "name": "Dreft Platinum Quickwash Original Vloeibaar Afwasmiddel 520ml",
      "brand": "Dreft",
      "category": "Huishouden en dieren",
      "unit_size": "520 Mililiters",
      "offer_price": 4.39,
      "normal_price": 4.39,
      "price_per_unit": 8.44,
      "price_unit": "l",
      "discount_tag": "1+1 gratis",
      "promo_title": "Alle Dreft",
      "validity": "wo 17 t/m wo 31 dec",
      "image_url": "https://www.jumbo.com/dam-images/fit-in/360x360/Products/10122025_1765333336578_1765333340779_676438_FLS_08700216630511_H1N1.png",
      "source_url": "https://www.jumbo.com/aanbiedingen/alle-dreft/3012386"
    },
    {
      "id": "676439ZK",
      "name": "Dreft Platinum Plus All In One Vaatwastabletten Anti-dofheidstechnologie 19 X",
      "brand": "Dreft",
      "category": "Huishouden en dieren",
      "unit_size": null,
      "offer_price": 13.99,
      "normal_price": 13.99,
      "price_per_unit": 0.74,
      "price_unit": "pieces",
      "discount_tag": "1+1 gratis",
      "promo_title": "Alle Dreft",
      "validity": "wo 17 t/m wo 31 dec",
      "image_url": "https://www.jumbo.com/dam-images/fit-in/360x360/Products/10122025_1765333345903_1765333353220_676439_ZK_08700216652452_H1N1.png",
      "source_url": "https://www.jumbo.com/aanbiedingen/alle-dreft/3012386"
    },
    {
      "id": "546061FLS",
      "name": "Dreft Platinum Quickwash Original Vloeibaar Afwasmiddel 350ml",
      "brand": "Dreft",
      "category": "Huishouden en dieren",
      "unit_size": "350 Mililiters",
      "offer_price": 2.99,
      "normal_price": 2.99,
      "price_per_unit": 8.54,
      "price_unit": "l",
      "discount_tag": "1+1 gratis",
      "promo_title": "Alle Dreft",
      "validity": "wo 17 t/m wo 31 dec",
      "image_url": "https://www.jumbo.com/dam-images/fit-in/360x360/Products/10122025_1765338187364_1765338191647_546061_FLS_08700216007993_H1N1.png",
      "source_url": "https://www.jumbo.com/aanbiedingen/alle-dreft/3012386"
    },
    {
      "id": "676431FLS",
      "name": "Dreft MaxPower Lemon Vloeibaar Afwasmiddel 730ml",
      "brand": "Dreft",
      "category": "Huishouden en dieren",
      "unit_size": "730 Mililiters",
      "offer_price": 7.05,
      "normal_price": 7.05,
      "price_per_unit": 9.66,
      "price_unit": "l",
      "discount_tag": "1+1 gratis",
      "promo_title": "Alle Dreft",
      "validity": "wo 17 t/m wo 31 dec",
      "image_url": "https://www.jumbo.com/dam-images/fit-in/360x360/Products/13102025_1760313626187_1760313629249_8700216625050_1.png",
      "source_url": "https://www.jumbo.com/aanbiedingen/alle-dreft/3012386"
    },
    {
      "id": "676434ZK",
      "name": "Dreft Platinum Plus All In One Vaatwastabletten Anti-dofheidstechnologie 36 X",
      "brand": "Dreft",
      "category": "Huishouden en dieren",
      "unit_size": null,
      "offer_price": 24.99,
      "normal_price": 24.99,
      "price_per_unit": 0.69,
      "price_unit": "pieces",
      "discount_tag": "1+1 gratis",
      "promo_title": "Alle Dreft",
      "validity": "wo 17 t/m wo 31 dec",
      "image_url": "https://www.jumbo.com/dam-images/fit-in/360x360/Products/10122025_1765333422763_1765333430759_676434_ZK_08700216652308_H1N1.png",
      "source_url": "https://www.jumbo.com/aanbiedingen/alle-dreft/3012386"
    },
    {
      "id": "546048FLS",
      "name": "Dreft Platinum Quickwash Vloeibaar Afwasmiddel",
      "brand": "Dreft",
      "category": "Huishouden en dieren",
      "unit_size": "350 Mililiters",
      "offer_price": 2.99,
      "normal_price": 2.99,
      "price_per_unit": 8.54,
      "price_unit": "l",
      "discount_tag": "1+1 gratis",
      "promo_title": "Alle Dreft",
      "validity": "wo 17 t/m wo 31 dec",
      "image_url": "https://www.jumbo.com/dam-images/fit-in/360x360/Products/28112025_1764304569272_1764304573670_546048_FLS_08700216008020_H1N1.png",
      "source_url": "https://www.jumbo.com/aanbiedingen/alle-dreft/3012386"
    },
    {
      "id": "676436ZK",
      "name": "Dreft Platinum Plus All In One Vaatwastabletten Anti-dofheidstechnologie 19 X",
      "brand": "Dreft",
      "category": "Huishouden en dieren",
      "unit_size": null,
      "offer_price": 13.99,
      "normal_price": 13.99,
      "price_per_unit": 0.74,
      "price_unit": "pieces",
      "discount_tag": "1+1 gratis",
      "promo_title": "Alle Dreft",
      "validity": "wo 17 t/m wo 31 dec",
      "image_url": "https://www.jumbo.com/dam-images/fit-in/360x360/Products/10122025_1765333414209_1765333421233_676436_ZK_08700216652551_H1N1.png",
      "source_url": "https://www.jumbo.com/aanbiedingen/alle-dreft/3012386"
    },
    {
      "id": "620970ZK",
      "name": "Dreft Platinum All In One Vaatwastabletten, Original, 34 Capsules",
      "brand": "Dreft",
      "category": "Huishouden en dieren",
      "unit_size": null,
      "offer_price": 17.99,
      "normal_price": 17.99,
      "price_per_unit": 0.53,
      "price_unit": "pieces",
      "discount_tag": "1+1 gratis",
      "promo_title": "Alle Dreft",
      "validity": "wo 17 t/m wo 31 dec",
      "image_url": "https://www.jumbo.com/dam-images/fit-in/360x360/Products/09102025_1759968139505_1759968144550_8700216264471_1.png",
      "source_url": "https://www.jumbo.com/aanbiedingen/alle-dreft/3012386"
    },
    {
      "id": "676432FLS",
      "name": "Dreft Natuurlijke Geur Afwasmiddel Bergamot & Gember 450ML",
      "brand": "Dreft",
      "category": "Huishouden en dieren",
      "unit_size": "450 Mililiters",
      "offer_price": 4.99,
      "normal_price": 4.99,
      "price_per_unit": 11.09,
      "price_unit": "l",
      "discount_tag": "1+1 gratis",
      "promo_title": "Alle Dreft",
      "validity": "wo 17 t/m wo 31 dec",
      "image_url": "https://www.jumbo.com/dam-images/fit-in/360x360/Products/09102025_1759968154738_1759968165781_8700216624954_1.png",
      "source_url": "https://www.jumbo.com/aanbiedingen/alle-dreft/3012386"
    },
    {
      "id": "676437ZK",
      "name": "Dreft Platinum Plus All In One Vaatwastabletten Anti-dofheidstechnologie 59 X",
      "brand": "Dreft",
      "category": "Huishouden en dieren",
      "unit_size": null,
      "offer_price": 39.99,
      "normal_price": 39.99,
      "price_per_unit": 0.68,
      "price_unit": "pieces",
      "discount_tag": "1+1 gratis",
      "promo_title": "Alle Dreft",
      "validity": "wo 17 t/m wo 31 dec",
      "image_url": "https://www.jumbo.com/dam-images/fit-in/360x360/Products/10122025_1765333420182_1765333427191_676437_ZK_08700216652438_H1N1.png",
      "source_url": "https://www.jumbo.com/aanbiedingen/alle-dreft/3012386"
    },
    {
      "id": "676451FLS",
      "name": "Dreft Platinum Quickwash Citroen Vloeibaar Afwasmiddel 520ml",
      "brand": "Dreft",
      "category": "Huishouden en dieren",
      "unit_size": "520 Mililiters",
      "offer_price": 4.39,
      "normal_price": 4.39,
      "price_per_unit": 8.44,
      "price_unit": "l",
      "discount_tag": "1+1 gratis",
      "promo_title": "Alle Dreft",
      "validity": "wo 17 t/m wo 31 dec",
      "image_url": "https://www.jumbo.com/dam-images/fit-in/360x360/Products/13102025_1760313626538_1760313629980_8700216630535_1.png",
      "source_url": "https://www.jumbo.com/aanbiedingen/alle-dreft/3012386"
    },
    {
      "id": "706839FLS",
      "name": "Dreft 3in1 Power Spray, Citroen, 500 ML",
      "brand": "Dreft",
      "category": "Huishouden en dieren",
      "unit_size": "500 Mililiters",
      "offer_price": 6.99,
      "normal_price": 6.99,
      "price_per_unit": 13.98,
      "price_unit": "l",
      "discount_tag": "1+1 gratis",
      "promo_title": "Alle Dreft",
      "validity": "wo 17 t/m wo 31 dec",
      "image_url": "https://www.jumbo.com/dam-images/fit-in/360x360/Products/19122025_1766111773544_1766111779104_706839_FLS_08700216591003_H1N1.png",
      "source_url": "https://www.jumbo.com/aanbiedingen/alle-dreft/3012386"
    },
    {
      "id": "676435ZK",
      "name": "Dreft Platinum Plus All In One Vaatwastabletten Anti-dofheidstechnologie 36 X",
      "brand": "Dreft",
      "category": "Huishouden en dieren",
      "unit_size": null,
      "offer_price": 24.99,
      "normal_price": 24.99,
      "price_per_unit": 0.69,
      "price_unit": "pieces",
      "discount_tag": "1+1 gratis",
      "promo_title": "Alle Dreft",
      "validity": "wo 17 t/m wo 31 dec",
      "image_url": "https://www.jumbo.com/dam-images/fit-in/360x360/Products/10122025_1765333461164_1765333468382_676435_ZK_08700216652520_H1N1.png",
      "source_url": "https://www.jumbo.com/aanbiedingen/alle-dreft/3012386"
    },
    {
      "id": "690254ZK",
      "name": "Dreft Original All In One Vaatwastabletten, Original, 41 Capsules",
      "brand": "Dreft",
      "category": "Huishouden en dieren",
      "unit_size": null,
      "offer_price": 9.49,
      "normal_price": 9.49,
      "price_per_unit": 0.23,
      "price_unit": "pieces",
      "discount_tag": "1+1 gratis",
      "promo_title": "Alle Dreft",
      "validity": "wo 17 t/m wo 31 dec",
      "image_url": "https://www.jumbo.com/dam-images/fit-in/360x360/Products/11112025_1762826944585_1762826951639_690254_ZK_08700216264303_C1N1.png",
      "source_url": "https://www.jumbo.com/aanbiedingen/alle-dreft/3012386"
    },
    {
      "id": "432189FLS",
      "name": "NIVEA MEN Energy Douchegel - 500ml - 3-in-1 shower gel met mintextract - Shampoo - Voor lichaam, gezicht en haar",
      "brand": "Nivea for men",
      "category": "Drogisterij en baby",
      "unit_size": null,
      "offer_price": 9.69,
      "normal_price": 9.69,
      "price_per_unit": 19.38,
      "price_unit": "l",
      "discount_tag": "1+1 gratis",
      "promo_title": "Alle Nivea",
      "validity": "wo 17 t/m wo 31 dec",
      "image_url": "https://www.jumbo.com/dam-images/fit-in/360x360/Products/21082025_1755790436710_1755790440391_4005808130146_1.png",
      "source_url": "https://www.jumbo.com/aanbiedingen/alle-nivea/3012408"
    },
    {
      "id": "506760FLS",
      "name": "NIVEA Soothing Micellair Water - 400ml",
      "brand": "Nivea",
      "category": "Drogisterij en baby",
      "unit_size": null,
      "offer_price": 7.99,
      "normal_price": 7.99,
      "price_per_unit": 19.98,
      "price_unit": "l",
      "discount_tag": "1+1 gratis",
      "promo_title": "Alle Nivea",
      "validity": "wo 17 t/m wo 31 dec",
      "image_url": "https://www.jumbo.com/dam-images/fit-in/360x360/Products/06122025_1764992499783_1764992500871_506760_FLS_04005900334817_C1N1.png",
      "source_url": "https://www.jumbo.com/aanbiedingen/alle-nivea/3012408"
    },
    {
      "id": "637550FLS",
      "name": "Nivea Care Shower Creme Care 500 ML",
      "brand": "Nivea",
      "category": "Drogisterij en baby",
      "unit_size": null,
      "offer_price": 8.49,
      "normal_price": 8.49,
      "price_per_unit": 16.98,
      "price_unit": "l",
      "discount_tag": "1+1 gratis",
      "promo_title": "Alle Nivea",
      "validity": "wo 17 t/m wo 31 dec",
      "image_url": "https://www.jumbo.com/dam-images/fit-in/360x360/Products/13112025_1763002526278_1763002527078_637550_FLS_04005808899296_C1N1.png",
      "source_url": "https://www.jumbo.com/aanbiedingen/alle-nivea/3012408"
    },
    {
      "id": "489457FLS",
      "name": "Nivea Men Dry Fresh Anti-Transpirant 50 ml",
      "brand": "Nivea for men",
      "category": "Drogisterij en baby",
      "unit_size": null,
      "offer_price": 5.79,
      "normal_price": 5.79,
      "price_per_unit": 115.8,
      "price_unit": "l",
      "discount_tag": "1+1 gratis",
      "promo_title": "Alle Nivea",
      "validity": "wo 17 t/m wo 31 dec",
      "image_url": "",
      "source_url": "https://www.jumbo.com/aanbiedingen/alle-nivea/3012408"
    },
    {
      "id": "616928FLS",
      "name": "NIVEA Verzachtende Reinigingsmousse - Gezichtsreiniger - Amandelolie - Face Wash - Hydramine - Voor de droge en gevoelige huid",
      "brand": "Nivea",
      "category": "Drogisterij en baby",
      "unit_size": null,
      "offer_price": 9.99,
      "normal_price": 9.99,
      "price_per_unit": 66.6,
      "price_unit": "l",
      "discount_tag": "1+1 gratis",
      "promo_title": "Alle Nivea",
      "validity": "wo 17 t/m wo 31 dec",
      "image_url": "https://www.jumbo.com/dam-images/fit-in/360x360/Products/18082025_1755531252073_1755531254872_4005900682031_1.png",
      "source_url": "https://www.jumbo.com/aanbiedingen/alle-nivea/3012408"
    },
    {
      "id": "432200FLS",
      "name": "Nivea Men Sport Shower Gel 500ml",
      "brand": "Nivea for men",
      "category": "Drogisterij en baby",
      "unit_size": null,
      "offer_price": 9.69,
      "normal_price": 9.69,
      "price_per_unit": 19.38,
      "price_unit": "l",
      "discount_tag": "1+1 gratis",
      "promo_title": "Alle Nivea",
      "validity": "wo 17 t/m wo 31 dec",
      "image_url": "https://www.jumbo.com/dam-images/fit-in/360x360/Products/27082025_1756258047645_1756258048465_432200_FLS_04005808135561_C1N1.png",
      "source_url": "https://www.jumbo.com/aanbiedingen/alle-nivea/3012408"
    },
    {
      "id": "433929BUS",
      "name": "Nivea Men Fresh Kick Anti-Transpirant 150 ml",
      "brand": "Nivea for men",
      "category": "Drogisterij en baby",
      "unit_size": null,
      "offer_price": 6.49,
      "normal_price": 6.49,
      "price_per_unit": 43.27,
      "price_unit": "l",
      "discount_tag": "1+1 gratis",
      "promo_title": "Alle Nivea",
      "validity": "wo 17 t/m wo 31 dec",
      "image_url": "https://www.jumbo.com/dam-images/fit-in/360x360/Products/17072025_1752717719607_1752717729817_433929_BUS_04005900840851_C1N1.png",
      "source_url": "https://www.jumbo.com/aanbiedingen/alle-nivea/3012408"
    },
    {
      "id": "734663TUB",
      "name": "NIVEA MEN Protect & Care Hydraterende Gezichtscrème - 75ml",
      "brand": "Nivea for men",
      "category": "Drogisterij en baby",
      "unit_size": null,
      "offer_price": 17.99,
      "normal_price": 17.99,
      "price_per_unit": 239.87,
      "price_unit": "l",
      "discount_tag": "1+1 gratis",
      "promo_title": "Alle Nivea",
      "validity": "wo 17 t/m wo 31 dec",
      "image_url": "https://www.jumbo.com/dam-images/fit-in/360x360/Products/02122025_1764643329975_1764643331010_734663_TUB_04005808223398_C1N1.png",
      "source_url": "https://www.jumbo.com/aanbiedingen/alle-nivea/3012408"
    },
    {
      "id": "663396FLS",
      "name": "Nivea Repair & Care Body Lotion 250 ML",
      "brand": "Nivea",
      "category": "Drogisterij en baby",
      "unit_size": null,
      "offer_price": 10.29,
      "normal_price": 10.29,
      "price_per_unit": 41.16,
      "price_unit": "l",
      "discount_tag": "1+1 gratis",
      "promo_title": "Alle Nivea",
      "validity": "wo 17 t/m wo 31 dec",
      "image_url": "https://www.jumbo.com/dam-images/fit-in/360x360/Products/02122024_1733127573027_1733127574071_663396_FLS_04006000079455_C1N1.png",
      "source_url": "https://www.jumbo.com/aanbiedingen/alle-nivea/3012408"
    },
    {
      "id": "684983TUB",
      "name": "NIVEA MEN Craft Stylers Fixating Styling Gel 150ml",
      "brand": "Nivea",
      "category": "Drogisterij en baby",
      "unit_size": null,
      "offer_price": 7.59,
      "normal_price": 7.59,
      "price_per_unit": 50.6,
      "price_unit": "l",
      "discount_tag": "1+1 gratis",
      "promo_title": "Alle Nivea",
      "validity": "wo 17 t/m wo 31 dec",
      "image_url": "https://www.jumbo.com/dam-images/fit-in/360x360/Products/07032025_1741346129641_1741346131902_684983_TUB_04005900660343_C1N1.png",
      "source_url": "https://www.jumbo.com/aanbiedingen/alle-nivea/3012408"
    },
    {
      "id": "541852DS",
      "name": "NIVEA Q10 POWER Anti-Rimpel Dagcrème - Alle huidtypen - SPF 30 - Met huididentiek Q10 en creatine - Verstevigt en beschermt - 50 ml",
      "brand": "Nivea",
      "category": "Drogisterij en baby",
      "unit_size": null,
      "offer_price": 26.49,
      "normal_price": 26.49,
      "price_per_unit": 529.8,
      "price_unit": "l",
      "discount_tag": "1+1 gratis",
      "promo_title": "Alle Nivea",
      "validity": "wo 17 t/m wo 31 dec",
      "image_url": "https://www.jumbo.com/dam-images/fit-in/360x360/Products/20052025_1747744434575_1747744469140_4005900192479_596.png",
      "source_url": "https://www.jumbo.com/aanbiedingen/alle-nivea/3012408"
    },
    {
      "id": "202907STK",
      "name": "NIVEA MEN DEEP Dark Wood Anti-Transpirant Deodorant Spray - 150ml",
      "brand": "Nivea for men",
      "category": "Drogisterij en baby",
      "unit_size": null,
      "offer_price": 6.49,
      "normal_price": 6.49,
      "price_per_unit": 43.27,
      "price_unit": "l",
      "discount_tag": "1+1 gratis",
      "promo_title": "Alle Nivea",
      "validity": "wo 17 t/m wo 31 dec",
      "image_url": "https://www.jumbo.com/dam-images/fit-in/360x360/Products/19062025_1750350766762_1750350769499_4005900495532_1.png",
      "source_url": "https://www.jumbo.com/aanbiedingen/alle-nivea/3012408"
    },
    {
      "id": "303340FLS",
      "name": "NIVEA Verzachtende Tonic - 200ml - Reinigingstonic - Toner Gezichtsreiniger - Droge en gevoelige huid - Amandelolie en Hydramine",
      "brand": "Nivea",
      "category": "Drogisterij en baby",
      "unit_size": null,
      "offer_price": 7.99,
      "normal_price": 7.99,
      "price_per_unit": 39.95,
      "price_unit": "l",
      "discount_tag": "1+1 gratis",
      "promo_title": "Alle Nivea",
      "validity": "wo 17 t/m wo 31 dec",
      "image_url": "https://www.jumbo.com/dam-images/fit-in/360x360/Products/18082025_1755509580973_1755509583859_4005900666123_1.png",
      "source_url": "https://www.jumbo.com/aanbiedingen/alle-nivea/3012408"
    },
    {
      "id": "505594TUB",
      "name": "NIVEA MEN Protect & Care Verfrissende Face Wash - 100ml",
      "brand": "Nivea for men",
      "category": "Drogisterij en baby",
      "unit_size": null,
      "offer_price": 9.99,
      "normal_price": 9.99,
      "price_per_unit": 99.9,
      "price_unit": "l",
      "discount_tag": "1+1 gratis",
      "promo_title": "Alle Nivea",
      "validity": "wo 17 t/m wo 31 dec",
      "image_url": "https://www.jumbo.com/dam-images/fit-in/360x360/Products/19082025_1755603161922_1755603165147_4005808227822_1.png",
      "source_url": "https://www.jumbo.com/aanbiedingen/alle-nivea/3012408"
    },
    {
      "id": "405776FLS",
      "name": "NIVEA Crème Soft Douchecrème - 250ml",
      "brand": "Nivea",
      "category": "Drogisterij en baby",
      "unit_size": null,
      "offer_price": 4.99,
      "normal_price": 4.99,
      "price_per_unit": 19.96,
      "price_unit": "l",
      "discount_tag": "1+1 gratis",
      "promo_title": "Alle Nivea",
      "validity": "wo 17 t/m wo 31 dec",
      "image_url": "https://www.jumbo.com/dam-images/fit-in/360x360/Products/04092025_1756985588973_1756985591678_4005808123834_1.png",
      "source_url": "https://www.jumbo.com/aanbiedingen/alle-nivea/3012408"
    },
    {
      "id": "663395FLS",
      "name": "NIVEA Q10 Verstevigende Body Lotion - +72 uur hydratatie - 250ml",
      "brand": "Nivea",
      "category": "Drogisterij en baby",
      "unit_size": null,
      "offer_price": 12.49,
      "normal_price": 12.49,
      "price_per_unit": 49.96,
      "price_unit": "l",
      "discount_tag": "1+1 gratis",
      "promo_title": "Alle Nivea",
      "validity": "wo 17 t/m wo 31 dec",
      "image_url": "https://www.jumbo.com/dam-images/fit-in/360x360/Products/20052025_1747744435152_1747744437761_4006000084404_1.png",
      "source_url": "https://www.jumbo.com/aanbiedingen/alle-nivea/3012408"
    },
    {
      "id": "616927DS",
      "name": "NIVEA Hydraterende Dagcrème SPF30 - 50ml - Gezichtscreme - Met vitamine E - Normale huid",
      "brand": "Nivea",
      "category": "Drogisterij en baby",
      "unit_size": null,
      "offer_price": 14.49,
      "normal_price": 14.49,
      "price_per_unit": 289.8,
      "price_unit": "l",
      "discount_tag": "1+1 gratis",
      "promo_title": "Alle Nivea",
      "validity": "wo 17 t/m wo 31 dec",
      "image_url": "https://www.jumbo.com/dam-images/fit-in/360x360/Products/18082025_1755531252013_1755531255755_4005900738707_1.png",
      "source_url": "https://www.jumbo.com/aanbiedingen/alle-nivea/3012408"
    },
    {
      "id": "501240TUB",
      "name": "Nivea Hand Cream 3in1 Anti-Age Q10 100 ml",
      "brand": "Nivea",
      "category": "Drogisterij en baby",
      "unit_size": "100 ml",
      "offer_price": 6.99,
      "normal_price": 6.99,
      "price_per_unit": 69.9,
      "price_unit": "l",
      "discount_tag": "1+1 gratis",
      "promo_title": "Alle Nivea",
      "validity": "wo 17 t/m wo 31 dec",
      "image_url": "https://www.jumbo.com/dam-images/fit-in/360x360/Products/10022024_1707530784336_1707530784845_501240_TUB_04005900701473_C1N1.png",
      "source_url": "https://www.jumbo.com/aanbiedingen/alle-nivea/3012408"
    },
    {
      "id": "202524STK",
      "name": "NIVEA Dry Comfort Anti-Transpirant Roller - 50ml",
      "brand": "Nivea",
      "category": "Drogisterij en baby",
      "unit_size": null,
      "offer_price": 5.79,
      "normal_price": 5.79,
      "price_per_unit": 115.8,
      "price_unit": "l",
      "discount_tag": "1+1 gratis",
      "promo_title": "Alle Nivea",
      "validity": "wo 17 t/m wo 31 dec",
      "image_url": "https://www.jumbo.com/dam-images/fit-in/360x360/Products/16072025_1752680047326_1752680050319_42345091_1.png",
      "source_url": "https://www.jumbo.com/aanbiedingen/alle-nivea/3012408"
    },
    {
      "id": "198632STK",
      "name": "NIVEA MEN Protect & Care Anti-Transpirant Spray - 150ml",
      "brand": "Nivea for men",
      "category": "Drogisterij en baby",
      "unit_size": null,
      "offer_price": 5.69,
      "normal_price": 5.69,
      "price_per_unit": 37.93,
      "price_unit": "l",
      "discount_tag": "1+1 gratis",
      "promo_title": "Alle Nivea",
      "validity": "wo 17 t/m wo 31 dec",
      "image_url": "https://www.jumbo.com/dam-images/fit-in/360x360/Products/16072025_1752680047300_1752680049283_4005900457707_1.png",
      "source_url": "https://www.jumbo.com/aanbiedingen/alle-nivea/3012408"
    },
    {
      "id": "432746FLS",
      "name": "Nivea Men Active Clean Shower Gel 250 ml",
      "brand": "Nivea for men",
      "category": "Drogisterij en baby",
      "unit_size": null,
      "offer_price": 5.99,
      "normal_price": 5.99,
      "price_per_unit": 23.96,
      "price_unit": "l",
      "discount_tag": "1+1 gratis",
      "promo_title": "Alle Nivea",
      "validity": "wo 17 t/m wo 31 dec",
      "image_url": "https://www.jumbo.com/dam-images/fit-in/360x360/Products/17012025_1737081775349_1737081777221_432746_FLS_06001051000692_C1N1.png",
      "source_url": "https://www.jumbo.com/aanbiedingen/alle-nivea/3012408"
    },
    {
      "id": "265734STK",
      "name": "NIVEA MEN DEEP Espresso Anti-Transpirant Deodorant Spray - 150ml",
      "brand": "Nivea for men",
      "category": "Drogisterij en baby",
      "unit_size": null,
      "offer_price": 6.49,
      "normal_price": 6.49,
      "price_per_unit": 43.27,
      "price_unit": "l",
      "discount_tag": "1+1 gratis",
      "promo_title": "Alle Nivea",
      "validity": "wo 17 t/m wo 31 dec",
      "image_url": "https://www.jumbo.com/dam-images/fit-in/360x360/Products/07082025_1754529934144_1754529934899_265734_STK_04005900632630_C1N1.png",
      "source_url": "https://www.jumbo.com/aanbiedingen/alle-nivea/3012408"
    },
    {
      "id": "523939POT",
      "name": "NIVEA Soft Crème - Hydrateert de huid - Bevat jojobaolie - Lichaams- en Handcrème - 200 ml",
      "brand": "Nivea",
      "category": "Drogisterij en baby",
      "unit_size": null,
      "offer_price": 6.49,
      "normal_price": 6.49,
      "price_per_unit": 32.45,
      "price_unit": "l",
      "discount_tag": "1+1 gratis",
      "promo_title": "Alle Nivea",
      "validity": "wo 17 t/m wo 31 dec",
      "image_url": "https://www.jumbo.com/dam-images/fit-in/360x360/Products/20052025_1747744434510_1747744438659_4005900963499_1.png",
      "source_url": "https://www.jumbo.com/aanbiedingen/alle-nivea/3012408"
    },
    {
      "id": "505793FLS",
      "name": "NIVEA Fresh Natural Deodorant Roller - Aluminiumvrij - 50ml",
      "brand": "Nivea",
      "category": "Drogisterij en baby",
      "unit_size": null,
      "offer_price": 5.79,
      "normal_price": 5.79,
      "price_per_unit": 115.8,
      "price_unit": "l",
      "discount_tag": "1+1 gratis",
      "promo_title": "Alle Nivea",
      "validity": "wo 17 t/m wo 31 dec",
      "image_url": "https://www.jumbo.com/dam-images/fit-in/360x360/Products/17072025_1752737663924_1752737666145_42345190_1.png",
      "source_url": "https://www.jumbo.com/aanbiedingen/alle-nivea/3012408"
    },
    {
      "id": "684985BUS",
      "name": "NIVEA Diamond Gloss Care Styling Spray 250ml",
      "brand": "Nivea",
      "category": "Drogisterij en baby",
      "unit_size": null,
      "offer_price": 7.29,
      "normal_price": 7.29,
      "price_per_unit": 29.16,
      "price_unit": "l",
      "discount_tag": "1+1 gratis",
      "promo_title": "Alle Nivea",
      "validity": "wo 17 t/m wo 31 dec",
      "image_url": "https://www.jumbo.com/dam-images/fit-in/360x360/Products/07032025_1741346155982_1741346165732_684985_BUS_04005900173904_C1N1.png",
      "source_url": "https://www.jumbo.com/aanbiedingen/alle-nivea/3012408"
    },
    {
      "id": "405774FLS",
      "name": "Nivea Hawaii Flower & Oil Fresh Care Shower 250 ml",
      "brand": "Nivea",
      "category": "Drogisterij en baby",
      "unit_size": null,
      "offer_price": 5.49,
      "normal_price": 5.49,
      "price_per_unit": 21.96,
      "price_unit": "l",
      "discount_tag": "1+1 gratis",
      "promo_title": "Alle Nivea",
      "validity": "wo 17 t/m wo 31 dec",
      "image_url": "https://www.jumbo.com/dam-images/fit-in/360x360/Products/04012024_1704339760549_1704339774271_405774_FLS_04005900804310_C1N1.png",
      "source_url": "https://www.jumbo.com/aanbiedingen/alle-nivea/3012408"
    },
    {
      "id": "198645STK",
      "name": "NIVEA Black &amp; White Invisible Clear Anti-Transpirant Roller - 50ml - Deodorant - Anti-vlekken - 72 uur bescherming",
      "brand": "Nivea",
      "category": "Drogisterij en baby",
      "unit_size": null,
      "offer_price": 6.59,
      "normal_price": 6.59,
      "price_per_unit": 131.8,
      "price_unit": "l",
      "discount_tag": "1+1 gratis",
      "promo_title": "Alle Nivea",
      "validity": "wo 17 t/m wo 31 dec",
      "image_url": "https://www.jumbo.com/dam-images/fit-in/360x360/Products/16072025_1752680047267_1752680050492_42345138_1.png",
      "source_url": "https://www.jumbo.com/aanbiedingen/alle-nivea/3012408"
    },
    {
      "id": "505593BUS",
      "name": "NIVEA MEN Black &amp; White Invisible Fresh Anti-Transpirant Spray - 150ml",
      "brand": "Nivea for men",
      "category": "Drogisterij en baby",
      "unit_size": null,
      "offer_price": 5.79,
      "normal_price": 5.79,
      "price_per_unit": 38.6,
      "price_unit": "l",
      "discount_tag": "1+1 gratis",
      "promo_title": "Alle Nivea",
      "validity": "wo 17 t/m wo 31 dec",
      "image_url": "https://www.jumbo.com/dam-images/fit-in/360x360/Products/16072025_1752680047625_1752680049798_4005900457721_1.png",
      "source_url": "https://www.jumbo.com/aanbiedingen/alle-nivea/3012408"
    },
    {
      "id": "206793STK",
      "name": "NIVEA Rich Care Shower Oil -  Hydraterende doucheolie - Met Vitamine C en E - 200ml",
      "brand": "Nivea",
      "category": "Drogisterij en baby",
      "unit_size": null,
      "offer_price": 7.99,
      "normal_price": 7.99,
      "price_per_unit": 39.95,
      "price_unit": "l",
      "discount_tag": "1+1 gratis",
      "promo_title": "Alle Nivea",
      "validity": "wo 17 t/m wo 31 dec",
      "image_url": "https://www.jumbo.com/dam-images/fit-in/360x360/Products/07082025_1754530280539_1754530282588_206793_STK_04005900804280_C1N1.png",
      "source_url": "https://www.jumbo.com/aanbiedingen/alle-nivea/3012408"
    },
    {
      "id": "684984TUB",
      "name": "Nivea Styling Gel Extra Strong 150 ml",
      "brand": "Nivea",
      "category": "Drogisterij en baby",
      "unit_size": null,
      "offer_price": 6.29,
      "normal_price": 6.29,
      "price_per_unit": 41.93,
      "price_unit": "l",
      "discount_tag": "1+1 gratis",
      "promo_title": "Alle Nivea",
      "validity": "wo 17 t/m wo 31 dec",
      "image_url": "https://www.jumbo.com/dam-images/fit-in/360x360/Products/07062025_1749260234650_1749260235477_684984_TUB_04005900173935_C1N1.png",
      "source_url": "https://www.jumbo.com/aanbiedingen/alle-nivea/3012408"
    },
    {
      "id": "507867FLS",
      "name": "NIVEA Verzorgende Oogmake-up Remover - 125ml",
      "brand": "Nivea",
      "category": "Drogisterij en baby",
      "unit_size": null,
      "offer_price": 8.49,
      "normal_price": 8.49,
      "price_per_unit": 67.92,
      "price_unit": "l",
      "discount_tag": "1+1 gratis",
      "promo_title": "Alle Nivea",
      "validity": "wo 17 t/m wo 31 dec",
      "image_url": "https://www.jumbo.com/dam-images/fit-in/360x360/Products/18082025_1755531251678_1755531254369_4005900516893_1.png",
      "source_url": "https://www.jumbo.com/aanbiedingen/alle-nivea/3012408"
    },
    {
      "id": "138529TUB",
      "name": "NIVEA Dagelijkse Reinigingsscrub - Zuivert de poriën - 150ml",
      "brand": "Nivea",
      "category": "Drogisterij en baby",
      "unit_size": null,
      "offer_price": 11.59,
      "normal_price": 11.59,
      "price_per_unit": 77.27,
      "price_unit": "l",
      "discount_tag": "1+1 gratis",
      "promo_title": "Alle Nivea",
      "validity": "wo 17 t/m wo 31 dec",
      "image_url": "https://www.jumbo.com/dam-images/fit-in/360x360/Products/13112025_1763003753539_1763003754479_138529_TUB_04005808979318_C1N1.png",
      "source_url": "https://www.jumbo.com/aanbiedingen/alle-nivea/3012408"
    },
    {
      "id": "588283BUS",
      "name": "Nivea Men Fresh Active Deodorant Spray 150 ml",
      "brand": "Nivea for men",
      "category": "Drogisterij en baby",
      "unit_size": null,
      "offer_price": 5.69,
      "normal_price": 5.69,
      "price_per_unit": 37.93,
      "price_unit": "l",
      "discount_tag": "1+1 gratis",
      "promo_title": "Alle Nivea",
      "validity": "wo 17 t/m wo 31 dec",
      "image_url": "https://www.jumbo.com/dam-images/fit-in/360x360/Products/26022025_1740539969872_1740539970544_588283_BUS_04006000049618_C1N1.png",
      "source_url": "https://www.jumbo.com/aanbiedingen/alle-nivea/3012408"
    },
    {
      "id": "202546STK",
      "name": "NIVEA MEN Dry Impact Anti-Transpirant Deodorant Roller - 50ml",
      "brand": "Nivea for men",
      "category": "Drogisterij en baby",
      "unit_size": null,
      "offer_price": 5.79,
      "normal_price": 5.79,
      "price_per_unit": 115.8,
      "price_unit": "l",
      "discount_tag": "1+1 gratis",
      "promo_title": "Alle Nivea",
      "validity": "wo 17 t/m wo 31 dec",
      "image_url": "https://www.jumbo.com/dam-images/fit-in/360x360/Products/19062025_1750350766614_1750350769732_42345084_1.png",
      "source_url": "https://www.jumbo.com/aanbiedingen/alle-nivea/3012408"
    },
    {
      "id": "433953BUS",
      "name": "NIVEA MEN Cool Kick Anti-Transpirant Spray - 150ml",
      "brand": "Nivea for men",
      "category": "Drogisterij en baby",
      "unit_size": null,
      "offer_price": 5.79,
      "normal_price": 5.79,
      "price_per_unit": 38.6,
      "price_unit": "l",
      "discount_tag": "1+1 gratis",
      "promo_title": "Alle Nivea",
      "validity": "wo 17 t/m wo 31 dec",
      "image_url": "https://www.jumbo.com/dam-images/fit-in/360x360/Products/16072025_1752658389416_1752658391984_4005900457509_1.png",
      "source_url": "https://www.jumbo.com/aanbiedingen/alle-nivea/3012408"
    },
    {
      "id": "198638STK",
      "name": "NIVEA MEN Stress Protect Anti-Transpirant Spray - Deodorant - 150ml",
      "brand": "Nivea for men",
      "category": "Drogisterij en baby",
      "unit_size": null,
      "offer_price": 5.69,
      "normal_price": 5.69,
      "price_per_unit": 37.93,
      "price_unit": "l",
      "discount_tag": "1+1 gratis",
      "promo_title": "Alle Nivea",
      "validity": "wo 17 t/m wo 31 dec",
      "image_url": "https://www.jumbo.com/dam-images/fit-in/360x360/Products/16072025_1752658388911_1752658392253_4005900457417_1.png",
      "source_url": "https://www.jumbo.com/aanbiedingen/alle-nivea/3012408"
    },
    {
      "id": "418593ZK",
      "name": "NIVEA 3-in1 Verfrissende Reinigingsdoekjes - 25 Stuks",
      "brand": "Nivea",
      "category": "Drogisterij en baby",
      "unit_size": null,
      "offer_price": 4.99,
      "normal_price": 4.99,
      "price_per_unit": 0.2,
      "price_unit": "pieces",
      "discount_tag": "1+1 gratis",
      "promo_title": "Alle Nivea",
      "validity": "wo 17 t/m wo 31 dec",
      "image_url": "https://www.jumbo.com/dam-images/fit-in/360x360/Products/15122025_1765764588177_1765764591081_418593_ZK_04005900777959_C1N1.png",
      "source_url": "https://www.jumbo.com/aanbiedingen/alle-nivea/3012408"
    },
    {
      "id": "172646FLS",
      "name": "Nivea MicellAir Skin Breathe Micellair Water Anti Residu Normale Huid 200 ml",
      "brand": "Nivea",
      "category": "Drogisterij en baby",
      "unit_size": null,
      "offer_price": 5.99,
      "normal_price": 5.99,
      "price_per_unit": 29.95,
      "price_unit": "l",
      "discount_tag": "1+1 gratis",
      "promo_title": "Alle Nivea",
      "validity": "wo 17 t/m wo 31 dec",
      "image_url": "https://www.jumbo.com/dam-images/fit-in/360x360/Products/27022024_1708999517743_1708999518458_172646_FLS_04005900229632_C1N1.png",
      "source_url": "https://www.jumbo.com/aanbiedingen/alle-nivea/3012408"
    },
    {
      "id": "198639STK",
      "name": "NIVEA MEN Black & White Invisible Original Anti-Transpirant Spray - 150ml - Geen witte of gele vlekken - Quickdry - Alcoholvrij - Beschermt 72 uur",
      "brand": "Nivea for men",
      "category": "Drogisterij en baby",
      "unit_size": null,
      "offer_price": 5.69,
      "normal_price": 5.69,
      "price_per_unit": 37.93,
      "price_unit": "l",
      "discount_tag": "1+1 gratis",
      "promo_title": "Alle Nivea",
      "validity": "wo 17 t/m wo 31 dec",
      "image_url": "https://www.jumbo.com/dam-images/fit-in/360x360/Products/19062025_1750350766488_1750350768649_4005900457394_1.png",
      "source_url": "https://www.jumbo.com/aanbiedingen/alle-nivea/3012408"
    },
    {
      "id": "202535STK",
      "name": "NIVEA Black &amp; White Invisible Original Anti-Transpirant Spray - 150ml",
      "brand": "Nivea",
      "category": "Drogisterij en baby",
      "unit_size": null,
      "offer_price": 6.59,
      "normal_price": 6.59,
      "price_per_unit": 43.93,
      "price_unit": "l",
      "discount_tag": "1+1 gratis",
      "promo_title": "Alle Nivea",
      "validity": "wo 17 t/m wo 31 dec",
      "image_url": "https://www.jumbo.com/dam-images/fit-in/360x360/Products/16072025_1752680047625_1752680049699_4005900457370_1.png",
      "source_url": "https://www.jumbo.com/aanbiedingen/alle-nivea/3012408"
    },
    {
      "id": "432188FLS",
      "name": "Nivea Men Sport Shower Gel 250ml",
      "brand": "Nivea for men",
      "category": "Drogisterij en baby",
      "unit_size": null,
      "offer_price": 5.69,
      "normal_price": 5.69,
      "price_per_unit": 22.76,
      "price_unit": "l",
      "discount_tag": "1+1 gratis",
      "promo_title": "Alle Nivea",
      "validity": "wo 17 t/m wo 31 dec",
      "image_url": "https://www.jumbo.com/dam-images/fit-in/360x360/Products/18102024_1729224494317_1729224498017_432188_FLS_04005808130610_C1N1.png",
      "source_url": "https://www.jumbo.com/aanbiedingen/alle-nivea/3012408"
    },
    {
      "id": "588282BUS",
      "name": "NIVEA MEN Dry Impact Anti-Transpirant Spray - 150ml",
      "brand": "Nivea for men",
      "category": "Drogisterij en baby",
      "unit_size": null,
      "offer_price": 5.69,
      "normal_price": 5.69,
      "price_per_unit": 37.93,
      "price_unit": "l",
      "discount_tag": "1+1 gratis",
      "promo_title": "Alle Nivea",
      "validity": "wo 17 t/m wo 31 dec",
      "image_url": "https://www.jumbo.com/dam-images/fit-in/360x360/Products/16072025_1752658389340_1752658392872_4006000049632_1.png",
      "source_url": "https://www.jumbo.com/aanbiedingen/alle-nivea/3012408"
    },
    {
      "id": "202544STK",
      "name": "NIVEA Black & White Invisible Fresh anti-transpirant 150ml",
      "brand": "Nivea",
      "category": "Drogisterij en baby",
      "unit_size": null,
      "offer_price": 6.59,
      "normal_price": 6.59,
      "price_per_unit": 43.93,
      "price_unit": "l",
      "discount_tag": "1+1 gratis",
      "promo_title": "Alle Nivea",
      "validity": "wo 17 t/m wo 31 dec",
      "image_url": "https://www.jumbo.com/dam-images/fit-in/360x360/Products/18092025_1758163231362_1758163231897_202544_STK_04005900457745_C1N1.png",
      "source_url": "https://www.jumbo.com/aanbiedingen/alle-nivea/3012408"
    },
    {
      "id": "503820DS",
      "name": "NIVEA Voedende Dagcrème SPF15 - 50ml - Gezichtscreme- Gezichtsverzorging - Met natuurlijke amandelolie  - Droge huid",
      "brand": "Nivea",
      "category": "Drogisterij en baby",
      "unit_size": null,
      "offer_price": 11.99,
      "normal_price": 11.99,
      "price_per_unit": 239.8,
      "price_unit": "l",
      "discount_tag": "1+1 gratis",
      "promo_title": "Alle Nivea",
      "validity": "wo 17 t/m wo 31 dec",
      "image_url": "https://www.jumbo.com/dam-images/fit-in/360x360/Products/18082025_1755531251507_1755531254454_4005900741301_1.png",
      "source_url": "https://www.jumbo.com/aanbiedingen/alle-nivea/3012408"
    },
    {
      "id": "707210FLS",
      "name": "Nivea Verzachtende Reinigingsmelk 200 ML",
      "brand": "Nivea",
      "category": "Drogisterij en baby",
      "unit_size": null,
      "offer_price": 7.99,
      "normal_price": 7.99,
      "price_per_unit": 39.95,
      "price_unit": "l",
      "discount_tag": "1+1 gratis",
      "promo_title": "Alle Nivea",
      "validity": "wo 17 t/m wo 31 dec",
      "image_url": "https://www.jumbo.com/dam-images/fit-in/360x360/Products/30062025_1751280333744_1751280336213_707210_FLS_04005900666062_C1N1.png",
      "source_url": "https://www.jumbo.com/aanbiedingen/alle-nivea/3012408"
    },
    {
      "id": "616926DS",
      "name": "NIVEA Voedende Dagcrème SPF30 - 50ml - Gezichtscreme - Met natuurlijke amandelolie  - Droge huid",
      "brand": "Nivea",
      "category": "Drogisterij en baby",
      "unit_size": null,
      "offer_price": 13.99,
      "normal_price": 13.99,
      "price_per_unit": 279.8,
      "price_unit": "l",
      "discount_tag": "1+1 gratis",
      "promo_title": "Alle Nivea",
      "validity": "wo 17 t/m wo 31 dec",
      "image_url": "https://www.jumbo.com/dam-images/fit-in/360x360/Products/18082025_1755534796860_1755534800493_4005900738738_1.png",
      "source_url": "https://www.jumbo.com/aanbiedingen/alle-nivea/3012408"
    },
    {
      "id": "198616STK",
      "name": "NIVEA MEN Fresh Active Anti-Transpirant - Deodorant Roller - 50ml",
      "brand": "Nivea for men",
      "category": "Drogisterij en baby",
      "unit_size": null,
      "offer_price": 5.79,
      "normal_price": 5.79,
      "price_per_unit": 115.8,
      "price_unit": "l",
      "discount_tag": "1+1 gratis",
      "promo_title": "Alle Nivea",
      "validity": "wo 17 t/m wo 31 dec",
      "image_url": "https://www.jumbo.com/dam-images/fit-in/360x360/Products/19062025_1750350766402_1750350769585_42345183_1.png",
      "source_url": "https://www.jumbo.com/aanbiedingen/alle-nivea/3012408"
    },
    {
      "id": "198637STK",
      "name": "NIVEA MEN Sport Anti-Transpirant Spray - 150ml",
      "brand": "Nivea for men",
      "category": "Drogisterij en baby",
      "unit_size": null,
      "offer_price": 5.69,
      "normal_price": 5.69,
      "price_per_unit": 37.93,
      "price_unit": "l",
      "discount_tag": "1+1 gratis",
      "promo_title": "Alle Nivea",
      "validity": "wo 17 t/m wo 31 dec",
      "image_url": "https://www.jumbo.com/dam-images/fit-in/360x360/Products/16072025_1752658388957_1752658391447_4005900457660_1.png",
      "source_url": "https://www.jumbo.com/aanbiedingen/alle-nivea/3012408"
    },
    {
      "id": "418282FLS",
      "name": "NIVEA Waterproof Oogmake-up Remover - 125ml -",
      "brand": "Nivea",
      "category": "Drogisterij en baby",
      "unit_size": null,
      "offer_price": 8.19,
      "normal_price": 8.19,
      "price_per_unit": 65.52,
      "price_unit": "l",
      "discount_tag": "1+1 gratis",
      "promo_title": "Alle Nivea",
      "validity": "wo 17 t/m wo 31 dec",
      "image_url": "https://www.jumbo.com/dam-images/fit-in/360x360/Products/18082025_1755531251347_1755531254128_4005900666246_1.png",
      "source_url": "https://www.jumbo.com/aanbiedingen/alle-nivea/3012408"
    },
    {
      "id": "690060FLS",
      "name": "NIVEA Satin Sensation Anti-Transpirant Roller - 50ml",
      "brand": "Nivea",
      "category": "Drogisterij en baby",
      "unit_size": null,
      "offer_price": 5.49,
      "normal_price": 5.49,
      "price_per_unit": 109.8,
      "price_unit": "l",
      "discount_tag": "1+1 gratis",
      "promo_title": "Alle Nivea",
      "validity": "wo 17 t/m wo 31 dec",
      "image_url": "https://www.jumbo.com/dam-images/fit-in/360x360/Products/17072025_1752715629841_1752715630372_690060_FLS_00000042246640_C1N1.png",
      "source_url": "https://www.jumbo.com/aanbiedingen/alle-nivea/3012408"
    },
    {
      "id": "202530STK",
      "name": "NIVEA Fresh Natural Deodorant Spray - 150ml",
      "brand": "Nivea",
      "category": "Drogisterij en baby",
      "unit_size": null,
      "offer_price": 5.79,
      "normal_price": 5.79,
      "price_per_unit": 38.6,
      "price_unit": "l",
      "discount_tag": "1+1 gratis",
      "promo_title": "Alle Nivea",
      "validity": "wo 17 t/m wo 31 dec",
      "image_url": "https://www.jumbo.com/dam-images/fit-in/360x360/Products/16072025_1752680047529_1752680049684_4005900457257_1.png",
      "source_url": "https://www.jumbo.com/aanbiedingen/alle-nivea/3012408"
    },
    {
      "id": "363477DS",
      "name": "NIVEA MEN Protect & Care Hydraterende Gezichtscrème - 75ml",
      "brand": "Nivea for men",
      "category": "Drogisterij en baby",
      "unit_size": null,
      "offer_price": 17.99,
      "normal_price": 17.99,
      "price_per_unit": 239.87,
      "price_unit": "l",
      "discount_tag": "1+1 gratis",
      "promo_title": "Alle Nivea",
      "validity": "wo 17 t/m wo 31 dec",
      "image_url": "https://www.jumbo.com/dam-images/fit-in/360x360/Products/19082025_1755603161912_1755603164967_4005808223411_1.png",
      "source_url": "https://www.jumbo.com/aanbiedingen/alle-nivea/3012408"
    },
    {
      "id": "155734POT",
      "name": "NIVEA MEN Crème Blik - 150ml - Voor gezicht, lichaam en handen - Lichte Formule - Met vitamine E - Trekt Snel In",
      "brand": "Nivea for men",
      "category": "Drogisterij en baby",
      "unit_size": null,
      "offer_price": 10.69,
      "normal_price": 10.69,
      "price_per_unit": 71.27,
      "price_unit": "l",
      "discount_tag": "1+1 gratis",
      "promo_title": "Alle Nivea",
      "validity": "wo 17 t/m wo 31 dec",
      "image_url": "https://www.jumbo.com/dam-images/fit-in/360x360/Products/19082025_1755603161632_1755603164750_4005900115775_1.png",
      "source_url": "https://www.jumbo.com/aanbiedingen/alle-nivea/3012408"
    },
    {
      "id": "588281BUS",
      "name": "NIVEA Dry Comfort Anti-Transpirant Spray - 150ml - Deodorant - Alcoholvrij - 72 uur bescherming",
      "brand": "Nivea",
      "category": "Drogisterij en baby",
      "unit_size": null,
      "offer_price": 5.79,
      "normal_price": 5.79,
      "price_per_unit": 38.6,
      "price_unit": "l",
      "discount_tag": "1+1 gratis",
      "promo_title": "Alle Nivea",
      "validity": "wo 17 t/m wo 31 dec",
      "image_url": "https://www.jumbo.com/dam-images/fit-in/360x360/Products/16072025_1752680047858_1752680050061_4006000049656_1.png",
      "source_url": "https://www.jumbo.com/aanbiedingen/alle-nivea/3012408"
    },
    {
      "id": "202908STK",
      "name": "NIVEA MEN Spray Dry Fresh 150 ml",
      "brand": "Nivea for men",
      "category": "Drogisterij en baby",
      "unit_size": null,
      "offer_price": 5.79,
      "normal_price": 5.79,
      "price_per_unit": 38.6,
      "price_unit": "l",
      "discount_tag": "1+1 gratis",
      "promo_title": "Alle Nivea",
      "validity": "wo 17 t/m wo 31 dec",
      "image_url": "https://www.jumbo.com/dam-images/fit-in/360x360/Products/19112025_1763534295129_1763534295894_202908_STK_04005900486646_C1N1.png",
      "source_url": "https://www.jumbo.com/aanbiedingen/alle-nivea/3012408"
    },
    {
      "id": "202489STK",
      "name": "Nivea Handcrème Repair 100 ml",
      "brand": "Nivea",
      "category": "Drogisterij en baby",
      "unit_size": null,
      "offer_price": 6.99,
      "normal_price": 6.99,
      "price_per_unit": 69.9,
      "price_unit": "l",
      "discount_tag": "1+1 gratis",
      "promo_title": "Alle Nivea",
      "validity": "wo 17 t/m wo 31 dec",
      "image_url": "https://www.jumbo.com/dam-images/fit-in/360x360/Products/03022024_1706925740961_1706925742630_202489_STK_04005900701503_C1N1.png",
      "source_url": "https://www.jumbo.com/aanbiedingen/alle-nivea/3012408"
    },
    {
      "id": "503818DS",
      "name": "NIVEA Hydraterende Dagcrème SPF15 - 50ml - Gezichtscreme - Met vitamine E - Normale huid",
      "brand": "Nivea",
      "category": "Drogisterij en baby",
      "unit_size": null,
      "offer_price": 11.99,
      "normal_price": 11.99,
      "price_per_unit": 239.8,
      "price_unit": "l",
      "discount_tag": "1+1 gratis",
      "promo_title": "Alle Nivea",
      "validity": "wo 17 t/m wo 31 dec",
      "image_url": "https://www.jumbo.com/dam-images/fit-in/360x360/Products/18082025_1755531251412_1755531254396_4005900741240_1.png",
      "source_url": "https://www.jumbo.com/aanbiedingen/alle-nivea/3012408"
    },
    {
      "id": "661271BUS",
      "name": "Nivea Men Protect & Care Verzorgende Scheerschuim 250 ML",
      "brand": "Nivea for men",
      "category": "Drogisterij en baby",
      "unit_size": null,
      "offer_price": 5.29,
      "normal_price": 5.29,
      "price_per_unit": 21.16,
      "price_unit": "l",
      "discount_tag": "1+1 gratis",
      "promo_title": "Alle Nivea",
      "validity": "wo 17 t/m wo 31 dec",
      "image_url": "https://www.jumbo.com/dam-images/fit-in/360x360/Products/27052025_1748308771329_1748308771986_661271_BUS_04006000100968_C1N1.png",
      "source_url": "https://www.jumbo.com/aanbiedingen/alle-nivea/3012408"
    },
    {
      "id": "662486FLS",
      "name": "Nivea Men Sensitive 3 In 1 Shower Gel 250 ML",
      "brand": "Nivea for men",
      "category": "Drogisterij en baby",
      "unit_size": null,
      "offer_price": 5.99,
      "normal_price": 5.99,
      "price_per_unit": 23.96,
      "price_unit": "l",
      "discount_tag": "1+1 gratis",
      "promo_title": "Alle Nivea",
      "validity": "wo 17 t/m wo 31 dec",
      "image_url": "https://www.jumbo.com/dam-images/fit-in/360x360/Products/22102025_1761096667689_1761096669512_662486_FLS_04005808130573_C1N1.png",
      "source_url": "https://www.jumbo.com/aanbiedingen/alle-nivea/3012408"
    },
    {
      "id": "512293DS",
      "name": "Nivea Men Protect & Care Intensieve Hydraterende CrÃ¨me 50 ml",
      "brand": "Nivea for men",
      "category": "Drogisterij en baby",
      "unit_size": null,
      "offer_price": 14.99,
      "normal_price": 14.99,
      "price_per_unit": 299.8,
      "price_unit": "l",
      "discount_tag": "1+1 gratis",
      "promo_title": "Alle Nivea",
      "validity": "wo 17 t/m wo 31 dec",
      "image_url": "https://www.jumbo.com/dam-images/fit-in/360x360/Products/19122024_1734575735427_1734575750373_512293_DS_04005808223701_C1N1.png",
      "source_url": "https://www.jumbo.com/aanbiedingen/alle-nivea/3012408"
    },
    {
      "id": "87168FLS",
      "name": "Nivea Q10 Power Anti-Rimpel OogcontourcrÃ¨me 15 ml",
      "brand": "Nivea",
      "category": "Drogisterij en baby",
      "unit_size": null,
      "offer_price": 26.99,
      "normal_price": 26.99,
      "price_per_unit": 1799.33,
      "price_unit": "l",
      "discount_tag": "1+1 gratis",
      "promo_title": "Alle Nivea",
      "validity": "wo 17 t/m wo 31 dec",
      "image_url": "https://www.jumbo.com/dam-images/fit-in/360x360/Products/17012025_1737080214815_1737080215541_87168_FLS_04005808760244_C1N1.png",
      "source_url": "https://www.jumbo.com/aanbiedingen/alle-nivea/3012408"
    },
    {
      "id": "531987FLS",
      "name": "NIVEA MEN Protect & Care Aftershave Balsem - 100ml",
      "brand": "Nivea for men",
      "category": "Drogisterij en baby",
      "unit_size": null,
      "offer_price": 11.49,
      "normal_price": 11.49,
      "price_per_unit": 114.9,
      "price_unit": "l",
      "discount_tag": "1+1 gratis",
      "promo_title": "Alle Nivea",
      "validity": "wo 17 t/m wo 31 dec",
      "image_url": "https://www.jumbo.com/dam-images/fit-in/360x360/Products/19082025_1755596075126_1755596079022_8715200813009_1.png",
      "source_url": "https://www.jumbo.com/aanbiedingen/alle-nivea/3012408"
    },
    {
      "id": "303345FLS",
      "name": "NIVEA Double Effect Waterproof Oogmake-up Remover - 125ml",
      "brand": "Nivea",
      "category": "Drogisterij en baby",
      "unit_size": null,
      "offer_price": 8.49,
      "normal_price": 8.49,
      "price_per_unit": 67.92,
      "price_unit": "l",
      "discount_tag": "1+1 gratis",
      "promo_title": "Alle Nivea",
      "validity": "wo 17 t/m wo 31 dec",
      "image_url": "https://www.jumbo.com/dam-images/fit-in/360x360/Products/18082025_1755513198139_1755513202038_4005900681973_1.png",
      "source_url": "https://www.jumbo.com/aanbiedingen/alle-nivea/3012408"
    },
    {
      "id": "202534STK",
      "name": "NIVEA Pearl &amp; Beauty Anti-Transpirant Spray - 150ml",
      "brand": "Nivea",
      "category": "Drogisterij en baby",
      "unit_size": null,
      "offer_price": 5.79,
      "normal_price": 5.79,
      "price_per_unit": 38.6,
      "price_unit": "l",
      "discount_tag": "1+1 gratis",
      "promo_title": "Alle Nivea",
      "validity": "wo 17 t/m wo 31 dec",
      "image_url": "https://www.jumbo.com/dam-images/fit-in/360x360/Products/07082025_1754531093502_1754531101888_202534_STK_04005900457608_H1N1.png",
      "source_url": "https://www.jumbo.com/aanbiedingen/alle-nivea/3012408"
    },
    {
      "id": "523940TUB",
      "name": "Nivea Soft Hydraterende Crème 75 ml",
      "brand": "Nivea",
      "category": "Drogisterij en baby",
      "unit_size": null,
      "offer_price": 3.99,
      "normal_price": 3.99,
      "price_per_unit": 53.2,
      "price_unit": "l",
      "discount_tag": "1+1 gratis",
      "promo_title": "Alle Nivea",
      "validity": "wo 17 t/m wo 31 dec",
      "image_url": "https://www.jumbo.com/dam-images/fit-in/360x360/Products/03022024_1706930672554_1706930673186_523940_TUB_04005900963550_C1N1.png",
      "source_url": "https://www.jumbo.com/aanbiedingen/alle-nivea/3012408"
    },
    {
      "id": "507999FLS",
      "name": "Nivea Protect & Care 500ML",
      "brand": "Nivea",
      "category": "Drogisterij en baby",
      "unit_size": null,
      "offer_price": 9.69,
      "normal_price": 9.69,
      "price_per_unit": 19.38,
      "price_unit": "l",
      "discount_tag": "1+1 gratis",
      "promo_title": "Alle Nivea",
      "validity": "wo 17 t/m wo 31 dec",
      "image_url": "https://www.jumbo.com/dam-images/fit-in/360x360/Products/30072025_1753844102888_1753844103602_507999_FLS_04005900368539_C1N1.png",
      "source_url": "https://www.jumbo.com/aanbiedingen/alle-nivea/3012408"
    },
    {
      "id": "198618STK",
      "name": "NIVEA MEN Black & White Invisible Original Anti-Transpirant Deo Roller - 50ml",
      "brand": "Nivea for men",
      "category": "Drogisterij en baby",
      "unit_size": null,
      "offer_price": 5.79,
      "normal_price": 5.79,
      "price_per_unit": 115.8,
      "price_unit": "l",
      "discount_tag": "1+1 gratis",
      "promo_title": "Alle Nivea",
      "validity": "wo 17 t/m wo 31 dec",
      "image_url": "https://www.jumbo.com/dam-images/fit-in/360x360/Products/19062025_1750350766609_1750350769295_42345145_1.png",
      "source_url": "https://www.jumbo.com/aanbiedingen/alle-nivea/3012408"
    },
    {
      "id": "507412BUS",
      "name": "NIVEA MEN Deep Black Carbon Beat Anti-Transpirant Spray - 150ml",
      "brand": "Nivea",
      "category": "Drogisterij en baby",
      "unit_size": null,
      "offer_price": 6.49,
      "normal_price": 6.49,
      "price_per_unit": 43.27,
      "price_unit": "l",
      "discount_tag": "1+1 gratis",
      "promo_title": "Alle Nivea",
      "validity": "wo 17 t/m wo 31 dec",
      "image_url": "https://www.jumbo.com/dam-images/fit-in/360x360/Products/16072025_1752658389076_1752658391755_4005900874672_1.png",
      "source_url": "https://www.jumbo.com/aanbiedingen/alle-nivea/3012408"
    },
    {
      "id": "506006FLS",
      "name": "NIVEA Crème Protect Douchecrème - 250ml",
      "brand": "Nivea",
      "category": "Drogisterij en baby",
      "unit_size": null,
      "offer_price": 5.49,
      "normal_price": 5.49,
      "price_per_unit": 21.96,
      "price_unit": "l",
      "discount_tag": "1+1 gratis",
      "promo_title": "Alle Nivea",
      "validity": "wo 17 t/m wo 31 dec",
      "image_url": "https://www.jumbo.com/dam-images/fit-in/360x360/Products/21082025_1755790436916_1755790439930_4005900934819_1.png",
      "source_url": "https://www.jumbo.com/aanbiedingen/alle-nivea/3012408"
    },
    {
      "id": "557617DS",
      "name": "NIVEA Q10 Power Anti-Rimpel Nachtcrème - 50ml",
      "brand": "Nivea",
      "category": "Drogisterij en baby",
      "unit_size": null,
      "offer_price": 24.49,
      "normal_price": 24.49,
      "price_per_unit": 489.8,
      "price_unit": "l",
      "discount_tag": "1+1 gratis",
      "promo_title": "Alle Nivea",
      "validity": "wo 17 t/m wo 31 dec",
      "image_url": "https://www.jumbo.com/dam-images/fit-in/360x360/Products/18082025_1755534796811_1755534800997_4005808966875_1.png",
      "source_url": "https://www.jumbo.com/aanbiedingen/alle-nivea/3012408"
    },
    {
      "id": "706667FLS",
      "name": "Nivea Men Strong Power Shampoo 250 ML",
      "brand": "Nivea for men",
      "category": "Drogisterij en baby",
      "unit_size": null,
      "offer_price": 4.69,
      "normal_price": 4.69,
      "price_per_unit": 18.76,
      "price_unit": "l",
      "discount_tag": "1+1 gratis",
      "promo_title": "Alle Nivea",
      "validity": "wo 17 t/m wo 31 dec",
      "image_url": "https://www.jumbo.com/dam-images/fit-in/360x360/Products/16072025_1752633569327_1752633570225_706667_FLS_04006000166070_C1N1.png",
      "source_url": "https://www.jumbo.com/aanbiedingen/alle-nivea/3012408"
    },
    {
      "id": "663397FLS",
      "name": "NIVEA Verzorgende Body Milk - met Hyaluronzuur Zachte Amandel Olie en Voedend serum - Body Melk met 72 Uur Hydratatie - Voor Droge tot Zeer Droge Huid - 250ml",
      "brand": "Nivea",
      "category": "Drogisterij en baby",
      "unit_size": null,
      "offer_price": 8.49,
      "normal_price": 8.49,
      "price_per_unit": 33.96,
      "price_unit": "l",
      "discount_tag": "1+1 gratis",
      "promo_title": "Alle Nivea",
      "validity": "wo 17 t/m wo 31 dec",
      "image_url": "https://www.jumbo.com/dam-images/fit-in/360x360/Products/20052025_1747744435289_1747744439680_4006000078915_1.png",
      "source_url": "https://www.jumbo.com/aanbiedingen/alle-nivea/3012408"
    },
    {
      "id": "418594ZK",
      "name": "NIVEA 3-in-1 Verzachtende Reinigingsdoekjes - 25 Stuks",
      "brand": "Nivea",
      "category": "Drogisterij en baby",
      "unit_size": null,
      "offer_price": 4.99,
      "normal_price": 4.99,
      "price_per_unit": 0.2,
      "price_unit": "pieces",
      "discount_tag": "1+1 gratis",
      "promo_title": "Alle Nivea",
      "validity": "wo 17 t/m wo 31 dec",
      "image_url": "https://www.jumbo.com/dam-images/fit-in/360x360/Products/18082025_1755513198477_1755513201753_4005900777973_1.png",
      "source_url": "https://www.jumbo.com/aanbiedingen/alle-nivea/3012408"
    },
    {
      "id": "467611BUS",
      "name": "Nivea Men Sensitive Scheergel 200 ml",
      "brand": "Nivea for men",
      "category": "Drogisterij en baby",
      "unit_size": null,
      "offer_price": 5.29,
      "normal_price": 5.29,
      "price_per_unit": 26.45,
      "price_unit": "l",
      "discount_tag": "1+1 gratis",
      "promo_title": "Alle Nivea",
      "validity": "wo 17 t/m wo 31 dec",
      "image_url": "https://www.jumbo.com/dam-images/fit-in/360x360/Products/17012024_1705467177851_1705467179269_467611_BUS_04005900630346_C1N1.png",
      "source_url": "https://www.jumbo.com/aanbiedingen/alle-nivea/3012408"
    },
    {
      "id": "684980BUS",
      "name": "NIVEA Volume Care Styling Spray 250ml",
      "brand": "Nivea",
      "category": "Drogisterij en baby",
      "unit_size": null,
      "offer_price": 7.29,
      "normal_price": 7.29,
      "price_per_unit": 29.16,
      "price_unit": "l",
      "discount_tag": "1+1 gratis",
      "promo_title": "Alle Nivea",
      "validity": "wo 17 t/m wo 31 dec",
      "image_url": "https://www.jumbo.com/dam-images/fit-in/360x360/Products/07032025_1741345780345_1741345781096_684980_BUS_04005900173843_C1N1.png",
      "source_url": "https://www.jumbo.com/aanbiedingen/alle-nivea/3012408"
    },
    {
      "id": "202533STK",
      "name": "Nivea Anti-Transpirant Double Effect 150 ml",
      "brand": "Nivea",
      "category": "Drogisterij en baby",
      "unit_size": null,
      "offer_price": 6.59,
      "normal_price": 6.59,
      "price_per_unit": 43.93,
      "price_unit": "l",
      "discount_tag": "1+1 gratis",
      "promo_title": "Alle Nivea",
      "validity": "wo 17 t/m wo 31 dec",
      "image_url": "https://www.jumbo.com/dam-images/fit-in/360x360/Products/26022025_1740546732669_1740546733977_202533_STK_04005900457646_C1N1.png",
      "source_url": "https://www.jumbo.com/aanbiedingen/alle-nivea/3012408"
    },
    {
      "id": "432742FLS",
      "name": "Nivea Men Energy Shower Gel 250ml",
      "brand": "Nivea for men",
      "category": "Drogisterij en baby",
      "unit_size": null,
      "offer_price": 5.69,
      "normal_price": 5.69,
      "price_per_unit": 22.76,
      "price_unit": "l",
      "discount_tag": "1+1 gratis",
      "promo_title": "Alle Nivea",
      "validity": "wo 17 t/m wo 31 dec",
      "image_url": "https://www.jumbo.com/dam-images/fit-in/360x360/Products/19112025_1763532804864_1763532806306_432742_FLS_04005808130115_C1N1.png",
      "source_url": "https://www.jumbo.com/aanbiedingen/alle-nivea/3012408"
    },
    {
      "id": "399989DS",
      "name": "NIVEA Verzachtende Dagcrème SPF15 - 50ml - Hydraterend - Natuurlijke druivenpitolie - Geen Parfum - Gevoelige huid",
      "brand": "Nivea",
      "category": "Drogisterij en baby",
      "unit_size": null,
      "offer_price": 12.49,
      "normal_price": 12.49,
      "price_per_unit": 249.8,
      "price_unit": "l",
      "discount_tag": "1+1 gratis",
      "promo_title": "Alle Nivea",
      "validity": "wo 17 t/m wo 31 dec",
      "image_url": "https://www.jumbo.com/dam-images/fit-in/360x360/Products/18082025_1755534796618_1755534799702_4005900738820_1.png",
      "source_url": "https://www.jumbo.com/aanbiedingen/alle-nivea/3012408"
    },
    {
      "id": "684981BUS",
      "name": "NIVEA Volume Care Styling Mousse 150ml",
      "brand": "Nivea",
      "category": "Drogisterij en baby",
      "unit_size": null,
      "offer_price": 7.29,
      "normal_price": 7.29,
      "price_per_unit": 48.6,
      "price_unit": "l",
      "discount_tag": "1+1 gratis",
      "promo_title": "Alle Nivea",
      "validity": "wo 17 t/m wo 31 dec",
      "image_url": "https://www.jumbo.com/dam-images/fit-in/360x360/Products/07032025_1741345788735_1741345789396_684981_BUS_04005900174178_C1N1.png",
      "source_url": "https://www.jumbo.com/aanbiedingen/alle-nivea/3012408"
    },
    {
      "id": "180835STK",
      "name": "Nivea Care Voedend 200 ml",
      "brand": "Nivea",
      "category": "Drogisterij en baby",
      "unit_size": null,
      "offer_price": 7.99,
      "normal_price": 7.99,
      "price_per_unit": 39.95,
      "price_unit": "l",
      "discount_tag": "1+1 gratis",
      "promo_title": "Alle Nivea",
      "validity": "wo 17 t/m wo 31 dec",
      "image_url": "https://www.jumbo.com/dam-images/fit-in/360x360/Products/09082023_1691587305581_1691587315844_42289524_1.png",
      "source_url": "https://www.jumbo.com/aanbiedingen/alle-nivea/3012408"
    },
    {
      "id": "566779BUS",
      "name": "NIVEA MEN Fresh Sensation Anti-Transpirant Spray - 150ml",
      "brand": "Nivea for men",
      "category": "Drogisterij en baby",
      "unit_size": null,
      "offer_price": 5.79,
      "normal_price": 5.79,
      "price_per_unit": 38.6,
      "price_unit": "l",
      "discount_tag": "1+1 gratis",
      "promo_title": "Alle Nivea",
      "validity": "wo 17 t/m wo 31 dec",
      "image_url": "https://www.jumbo.com/dam-images/fit-in/360x360/Products/18072025_1752800541913_1752800542654_566779_BUS_04006000011332_C1N1.png",
      "source_url": "https://www.jumbo.com/aanbiedingen/alle-nivea/3012408"
    },
    {
      "id": "202893STK",
      "name": "NIVEA MEN DEEP Darkwood Anti-Transpirant Deo Roller - 50ml",
      "brand": "Nivea for men",
      "category": "Drogisterij en baby",
      "unit_size": null,
      "offer_price": 6.59,
      "normal_price": 6.59,
      "price_per_unit": 131.8,
      "price_unit": "l",
      "discount_tag": "1+1 gratis",
      "promo_title": "Alle Nivea",
      "validity": "wo 17 t/m wo 31 dec",
      "image_url": "https://www.jumbo.com/dam-images/fit-in/360x360/Products/19112025_1763526169847_1763526170814_202893_STK_00000042349860_C1N1.png",
      "source_url": "https://www.jumbo.com/aanbiedingen/alle-nivea/3012408"
    },
    {
      "id": "684982POT",
      "name": "NIVEA Care & Hold Styling Creme Gel 150ml",
      "brand": "Nivea",
      "category": "Drogisterij en baby",
      "unit_size": null,
      "offer_price": 6.29,
      "normal_price": 6.29,
      "price_per_unit": 41.93,
      "price_unit": "l",
      "discount_tag": "1+1 gratis",
      "promo_title": "Alle Nivea",
      "validity": "wo 17 t/m wo 31 dec",
      "image_url": "https://www.jumbo.com/dam-images/fit-in/360x360/Products/07032025_1741345798611_1741345815959_684982_POT_04005900183231_C1N1.png",
      "source_url": "https://www.jumbo.com/aanbiedingen/alle-nivea/3012408"
    },
    {
      "id": "420062DS",
      "name": "NIVEA Verzachtende Nachtcrème - 50ml - Ongeparfumeerd en PH-neutraal - Met natuurlijke druivenpitolie - Gevoelige huid",
      "brand": "Nivea",
      "category": "Drogisterij en baby",
      "unit_size": null,
      "offer_price": 12.49,
      "normal_price": 12.49,
      "price_per_unit": 249.8,
      "price_unit": "l",
      "discount_tag": "1+1 gratis",
      "promo_title": "Alle Nivea",
      "validity": "wo 17 t/m wo 31 dec",
      "image_url": "https://www.jumbo.com/dam-images/fit-in/360x360/Products/18082025_1755534796602_1755534799842_4005900738912_1.png",
      "source_url": "https://www.jumbo.com/aanbiedingen/alle-nivea/3012408"
    },
    {
      "id": "303342FLS",
      "name": "NIVEA Oogmake-up Reinigingslotion - 125ml",
      "brand": "Nivea",
      "category": "Drogisterij en baby",
      "unit_size": null,
      "offer_price": 8.19,
      "normal_price": 8.19,
      "price_per_unit": 65.52,
      "price_unit": "l",
      "discount_tag": "1+1 gratis",
      "promo_title": "Alle Nivea",
      "validity": "wo 17 t/m wo 31 dec",
      "image_url": "https://www.jumbo.com/dam-images/fit-in/360x360/Products/18082025_1755513198158_1755513201162_4005900666154_1.png",
      "source_url": "https://www.jumbo.com/aanbiedingen/alle-nivea/3012408"
    },
    {
      "id": "433972ZK",
      "name": "NIVEA 3-in-1 Sensitive Reinigingsdoekjes - 25 stuks - Make-up Remover Doekjes - Gezichtsreiniger - Voor de gevoelige huid",
      "brand": "Nivea",
      "category": "Drogisterij en baby",
      "unit_size": null,
      "offer_price": 4.99,
      "normal_price": 4.99,
      "price_per_unit": 0.2,
      "price_unit": "pieces",
      "discount_tag": "1+1 gratis",
      "promo_title": "Alle Nivea",
      "validity": "wo 17 t/m wo 31 dec",
      "image_url": "https://www.jumbo.com/dam-images/fit-in/360x360/Products/18082025_1755527557327_1755527560546_4005900777997_1.png",
      "source_url": "https://www.jumbo.com/aanbiedingen/alle-nivea/3012408"
    },
    {
      "id": "198619STK",
      "name": "NIVEA MEN Protect & Care Anti-Transpirant Roller - 50ml",
      "brand": "Nivea for men",
      "category": "Drogisterij en baby",
      "unit_size": null,
      "offer_price": 5.79,
      "normal_price": 5.79,
      "price_per_unit": 115.8,
      "price_unit": "l",
      "discount_tag": "1+1 gratis",
      "promo_title": "Alle Nivea",
      "validity": "wo 17 t/m wo 31 dec",
      "image_url": "https://www.jumbo.com/dam-images/fit-in/360x360/Products/16072025_1752680047225_1752680049547_42345305_1.png",
      "source_url": "https://www.jumbo.com/aanbiedingen/alle-nivea/3012408"
    },
    {
      "id": "303344FLS",
      "name": "NIVEA Verfrissende Reinigingsgel - 150ml - Gezichtsreiniger - Met Vitamine C & E - Voor de normale huid",
      "brand": "Nivea",
      "category": "Drogisterij en baby",
      "unit_size": null,
      "offer_price": 11.77,
      "normal_price": 11.77,
      "price_per_unit": 78.47,
      "price_unit": "l",
      "discount_tag": "1+1 gratis",
      "promo_title": "Alle Nivea",
      "validity": "wo 17 t/m wo 31 dec",
      "image_url": "https://www.jumbo.com/dam-images/fit-in/360x360/Products/18082025_1755513198230_1755513201190_4005900681942_1.png",
      "source_url": "https://www.jumbo.com/aanbiedingen/alle-nivea/3012408"
    },
    {
      "id": "489489POT",
      "name": "NIVEA Crème Blik - 250ml - Voor Gezicht, Handen en Lichaam - 48H Hydratatie - Bodycrème",
      "brand": "Nivea",
      "category": "Drogisterij en baby",
      "unit_size": null,
      "offer_price": 7.49,
      "normal_price": 7.49,
      "price_per_unit": 29.96,
      "price_unit": "l",
      "discount_tag": "1+1 gratis",
      "promo_title": "Alle Nivea",
      "validity": "wo 17 t/m wo 31 dec",
      "image_url": "https://www.jumbo.com/dam-images/fit-in/360x360/Products/04092025_1756985589019_1756985593205_4005900946195_1.png",
      "source_url": "https://www.jumbo.com/aanbiedingen/alle-nivea/3012408"
    },
    {
      "id": "710650DS",
      "name": "NIVEA Verfrissende Reinigingsmelk - 200ml - Normale tot droge huid - Vitamine E - Make-up Remover - Gezichtsreiniger",
      "brand": "Nivea",
      "category": "Drogisterij en baby",
      "unit_size": null,
      "offer_price": 7.99,
      "normal_price": 7.99,
      "price_per_unit": 39.95,
      "price_unit": "l",
      "discount_tag": "1+1 gratis",
      "promo_title": "Alle Nivea",
      "validity": "wo 17 t/m wo 31 dec",
      "image_url": "https://www.jumbo.com/dam-images/fit-in/360x360/Products/18082025_1755509581198_1755509583613_4005900666031_1.png",
      "source_url": "https://www.jumbo.com/aanbiedingen/alle-nivea/3012408"
    },
    {
      "id": "261832STK",
      "name": "NIVEA Soothing Micellair Water - 200ml",
      "brand": "Nivea",
      "category": "Drogisterij en baby",
      "unit_size": null,
      "offer_price": 5.99,
      "normal_price": 5.99,
      "price_per_unit": 29.95,
      "price_unit": "l",
      "discount_tag": "1+1 gratis",
      "promo_title": "Alle Nivea",
      "validity": "wo 17 t/m wo 31 dec",
      "image_url": "https://www.jumbo.com/dam-images/fit-in/360x360/Products/18082025_1755531251199_1755531253681_4005900532565_1.png",
      "source_url": "https://www.jumbo.com/aanbiedingen/alle-nivea/3012408"
    },
    {
      "id": "512377FLS",
      "name": "Nivea Men Verzorgende Shampoo Strong Power 250 ml",
      "brand": "Nivea for men",
      "category": "Drogisterij en baby",
      "unit_size": null,
      "offer_price": 4.69,
      "normal_price": 4.69,
      "price_per_unit": 18.76,
      "price_unit": "l",
      "discount_tag": "1+1 gratis",
      "promo_title": "Alle Nivea",
      "validity": "wo 17 t/m wo 31 dec",
      "image_url": "https://www.jumbo.com/dam-images/fit-in/360x360/Products/18092023_1695044252495_1695044259054_4005808255788_1.png",
      "source_url": "https://www.jumbo.com/aanbiedingen/alle-nivea/3012408"
    },
    {
      "id": "198634STK",
      "name": "NIVEA MEN Sensitive Protect Anti-Transpirant Spray - 150ml",
      "brand": "Nivea for men",
      "category": "Drogisterij en baby",
      "unit_size": null,
      "offer_price": 6.49,
      "normal_price": 6.49,
      "price_per_unit": 43.27,
      "price_unit": "l",
      "discount_tag": "1+1 gratis",
      "promo_title": "Alle Nivea",
      "validity": "wo 17 t/m wo 31 dec",
      "image_url": "https://www.jumbo.com/dam-images/fit-in/360x360/Products/03102025_1759456039637_1759456040225_198634_STK_04006000170770_C1N1.png",
      "source_url": "https://www.jumbo.com/aanbiedingen/alle-nivea/3012408"
    },
    {
      "id": "669201BLK",
      "name": "Affligem Blond Bier Blik 500ml",
      "brand": "Affligem",
      "category": "Bier en wijn",
      "unit_size": "500 ml",
      "offer_price": 2.09,
      "normal_price": 2.09,
      "price_per_unit": 4.18,
      "price_unit": "l",
      "discount_tag": "Gratis glas bij 1 stuk",
      "promo_title": "Affligem, Amstel of Desperados",
      "validity": "za 27 t/m wo 31 dec",
      "image_url": "https://www.jumbo.com/dam-images/fit-in/360x360/Products/12122025_1765535557514_1765535562410_8712000059811_1.png",
      "source_url": "https://www.jumbo.com/aanbiedingen/affligem-amstel-of-desperados/3012580"
    },
    {
      "id": "668932DS",
      "name": "Desperados Tropical Beer Flavoured with Aguardiente Passion Fruit & Lime Flessen 6 x 330 ml",
      "brand": "Desperados",
      "category": "Bier en wijn",
      "unit_size": "6 x 330 ml",
      "offer_price": 10.65,
      "normal_price": 10.65,
      "price_per_unit": 5.38,
      "price_unit": "l",
      "discount_tag": "Gratis glas bij 1 stuk",
      "promo_title": "Affligem, Amstel of Desperados",
      "validity": "za 27 t/m wo 31 dec",
      "image_url": "https://www.jumbo.com/dam-images/fit-in/360x360/Products/08712000062255H1N19515e352-6259-43b6-98a8-dc965d02ff12-1766152805635.png",
      "source_url": "https://www.jumbo.com/aanbiedingen/affligem-amstel-of-desperados/3012580"
    },
    {
      "id": "576135DS",
      "name": "Desperados Mojito Bier Fles 6 x 330ml",
      "brand": "Desperados",
      "category": "Bier en wijn",
      "unit_size": "6 x 330 ml",
      "offer_price": 10.65,
      "normal_price": 10.65,
      "price_per_unit": 5.38,
      "price_unit": "l",
      "discount_tag": "Gratis glas bij 1 stuk",
      "promo_title": "Affligem, Amstel of Desperados",
      "validity": "za 27 t/m wo 31 dec",
      "image_url": "https://www.jumbo.com/dam-images/fit-in/360x360/Products/07012025_1736267694881_1736267702717_8712000061135_1.png",
      "source_url": "https://www.jumbo.com/aanbiedingen/affligem-amstel-of-desperados/3012580"
    },
    {
      "id": "476840DS",
      "name": "Affligem Tripel Bier Fles 6 x 300ml",
      "brand": "Affligem",
      "category": "Bier en wijn",
      "unit_size": "6 x 300 ml",
      "offer_price": 9.49,
      "normal_price": 9.49,
      "price_per_unit": 5.27,
      "price_unit": "l",
      "discount_tag": "Gratis glas bij 1 stuk",
      "promo_title": "Affligem, Amstel of Desperados",
      "validity": "za 27 t/m wo 31 dec",
      "image_url": "https://www.jumbo.com/dam-images/fit-in/360x360/Products/22122025_1766403191431_1766403198818_5410263926835_1.png",
      "source_url": "https://www.jumbo.com/aanbiedingen/affligem-amstel-of-desperados/3012580"
    },
    {
      "id": "612121DS",
      "name": "Desperados Original Bier Fles 12 x 330ml",
      "brand": "Desperados",
      "category": "Bier en wijn",
      "unit_size": "12 x 330 ml",
      "offer_price": 21.09,
      "normal_price": 21.09,
      "price_per_unit": 5.33,
      "price_unit": "l",
      "discount_tag": "Gratis glas bij 1 stuk",
      "promo_title": "Affligem, Amstel of Desperados",
      "validity": "za 27 t/m wo 31 dec",
      "image_url": "https://www.jumbo.com/dam-images/fit-in/360x360/Products/22122025_1766406772489_1766406780858_8712000061425_1.png",
      "source_url": "https://www.jumbo.com/aanbiedingen/affligem-amstel-of-desperados/3012580"
    },
    {
      "id": "552119DS",
      "name": "Desperados Original Bier Blik 4 x 500ml",
      "brand": "Desperados",
      "category": "Bier en wijn",
      "unit_size": "4 x 500 ml",
      "offer_price": 9.69,
      "normal_price": 9.69,
      "price_per_unit": 4.85,
      "price_unit": "l",
      "discount_tag": "Gratis glas bij 1 stuk",
      "promo_title": "Affligem, Amstel of Desperados",
      "validity": "za 27 t/m wo 31 dec",
      "image_url": "https://www.jumbo.com/dam-images/fit-in/360x360/Products/07012025_1736267694598_1736267702773_8712000060275_1.png",
      "source_url": "https://www.jumbo.com/aanbiedingen/affligem-amstel-of-desperados/3012580"
    },
    {
      "id": "468721DS",
      "name": "Affligem Belgisch Wit Bier Fles 6 x 300ml",
      "brand": "Affligem",
      "category": "Bier en wijn",
      "unit_size": "6 x 300 ml",
      "offer_price": 7.49,
      "normal_price": 7.49,
      "price_per_unit": 4.16,
      "price_unit": "l",
      "discount_tag": "Gratis glas bij 1 stuk",
      "promo_title": "Affligem, Amstel of Desperados",
      "validity": "za 27 t/m wo 31 dec",
      "image_url": "https://www.jumbo.com/dam-images/fit-in/360x360/Products/22122025_1766403192804_1766403197964_8712000056988_1.png",
      "source_url": "https://www.jumbo.com/aanbiedingen/affligem-amstel-of-desperados/3012580"
    },
    {
      "id": "576131DS",
      "name": "Desperados Lime Bier Fles 6 x 330ml",
      "brand": "Desperados",
      "category": "Bier en wijn",
      "unit_size": "6 x 330 ml",
      "offer_price": 10.65,
      "normal_price": 10.65,
      "price_per_unit": 5.38,
      "price_unit": "l",
      "discount_tag": "Gratis glas bij 1 stuk",
      "promo_title": "Affligem, Amstel of Desperados",
      "validity": "za 27 t/m wo 31 dec",
      "image_url": "https://www.jumbo.com/dam-images/fit-in/360x360/Products/07012025_1736267694551_1736267702295_8712000060633_1.png",
      "source_url": "https://www.jumbo.com/aanbiedingen/affligem-amstel-of-desperados/3012580"
    },
    {
      "id": "576134DS",
      "name": "Desperados Original Bier Fles 6 x 330ml",
      "brand": "Desperados",
      "category": "Bier en wijn",
      "unit_size": "6 x 330 ml",
      "offer_price": 10.65,
      "normal_price": 10.65,
      "price_per_unit": 5.38,
      "price_unit": "l",
      "discount_tag": "Gratis glas bij 1 stuk",
      "promo_title": "Affligem, Amstel of Desperados",
      "validity": "za 27 t/m wo 31 dec",
      "image_url": "https://www.jumbo.com/dam-images/fit-in/360x360/Products/07012025_1736267694891_1736267703145_8712000060596_1.png",
      "source_url": "https://www.jumbo.com/aanbiedingen/affligem-amstel-of-desperados/3012580"
    },
    {
      "id": "380409PAK",
      "name": "Affligem Blond Bier Fles 6 x 300ml",
      "brand": "Affligem",
      "category": "Bier en wijn",
      "unit_size": "6 x 300 ml",
      "offer_price": 8.09,
      "normal_price": 8.09,
      "price_per_unit": 4.49,
      "price_unit": "l",
      "discount_tag": "Gratis glas bij 1 stuk",
      "promo_title": "Affligem, Amstel of Desperados",
      "validity": "za 27 t/m wo 31 dec",
      "image_url": "https://www.jumbo.com/dam-images/fit-in/360x360/Products/22122025_1766403191438_1766403196918_8712000056643_1.png",
      "source_url": "https://www.jumbo.com/aanbiedingen/affligem-amstel-of-desperados/3012580"
    },
    {
      "id": "538536DS",
      "name": "Desperados Original Bier Blik 6 x 330ml",
      "brand": "Desperados",
      "category": "Bier en wijn",
      "unit_size": "6 x 330 ml",
      "offer_price": 10.65,
      "normal_price": 10.65,
      "price_per_unit": 5.38,
      "price_unit": "l",
      "discount_tag": "Gratis glas bij 1 stuk",
      "promo_title": "Affligem, Amstel of Desperados",
      "validity": "za 27 t/m wo 31 dec",
      "image_url": "https://www.jumbo.com/dam-images/fit-in/360x360/Products/07012025_1736267693867_1736267701226_8712000059415_1.png",
      "source_url": "https://www.jumbo.com/aanbiedingen/affligem-amstel-of-desperados/3012580"
    },
    {
      "id": "536537BLK",
      "name": "Amstel Blond Bier Blik 500ml",
      "brand": "Amstel",
      "category": "Bier en wijn",
      "unit_size": "500 ml",
      "offer_price": 1.49,
      "normal_price": 1.49,
      "price_per_unit": 2.98,
      "price_unit": "l",
      "discount_tag": "Gratis glas bij 1 stuk",
      "promo_title": "Affligem, Amstel of Desperados",
      "validity": "za 27 t/m wo 31 dec",
      "image_url": "https://www.jumbo.com/dam-images/fit-in/360x360/Products/12122025_1765549995909_1765550000370_8712000059316_1.png",
      "source_url": "https://www.jumbo.com/aanbiedingen/affligem-amstel-of-desperados/3012580"
    },
    {
      "id": "668905BLK",
      "name": "Affligem Tripel Blik 330 ml",
      "brand": "Affligem",
      "category": "Bier en wijn",
      "unit_size": "330 ml",
      "offer_price": 1.89,
      "normal_price": 1.89,
      "price_per_unit": 5.73,
      "price_unit": "l",
      "discount_tag": "Gratis glas bij 1 stuk",
      "promo_title": "Affligem, Amstel of Desperados",
      "validity": "za 27 t/m wo 31 dec",
      "image_url": "https://www.jumbo.com/dam-images/fit-in/360x360/Products/12122025_1765546381560_1765546387404_5410263932171_1.png",
      "source_url": "https://www.jumbo.com/aanbiedingen/affligem-amstel-of-desperados/3012580"
    },
    {
      "id": "468720DS",
      "name": "Affligem Dubbel Bier Fles 6 x 300ml",
      "brand": "Affligem",
      "category": "Bier en wijn",
      "unit_size": "6 x 30 cl",
      "offer_price": 8.99,
      "normal_price": 8.99,
      "price_per_unit": 4.99,
      "price_unit": "l",
      "discount_tag": "Gratis glas bij 1 stuk",
      "promo_title": "Affligem, Amstel of Desperados",
      "validity": "za 27 t/m wo 31 dec",
      "image_url": "https://www.jumbo.com/dam-images/fit-in/360x360/Products/12122025_1765542798406_1765542856038_8712000056995_596.png",
      "source_url": "https://www.jumbo.com/aanbiedingen/affligem-amstel-of-desperados/3012580"
    },
    {
      "id": "576133DS",
      "name": "Desperados Strawberry Margarita Bier Fles 6 x 330ml",
      "brand": "Desperados",
      "category": "Bier en wijn",
      "unit_size": "6 x 330 ml",
      "offer_price": 10.65,
      "normal_price": 10.65,
      "price_per_unit": 5.38,
      "price_unit": "l",
      "discount_tag": "Gratis glas bij 1 stuk",
      "promo_title": "Affligem, Amstel of Desperados",
      "validity": "za 27 t/m wo 31 dec",
      "image_url": "https://www.jumbo.com/dam-images/fit-in/360x360/Products/07012025_1736267694692_1736267703457_8712000060626_1.png",
      "source_url": "https://www.jumbo.com/aanbiedingen/affligem-amstel-of-desperados/3012580"
    },
    {
      "id": "536541PAK",
      "name": "Affligem Blond Bier Blik 6 x 330ml",
      "brand": "Affligem",
      "category": "Bier en wijn",
      "unit_size": "6 x 330 ml",
      "offer_price": 9.49,
      "normal_price": 9.49,
      "price_per_unit": 4.79,
      "price_unit": "l",
      "discount_tag": "Gratis glas bij 1 stuk",
      "promo_title": "Affligem, Amstel of Desperados",
      "validity": "za 27 t/m wo 31 dec",
      "image_url": "https://www.jumbo.com/dam-images/fit-in/360x360/Products/22122025_1766403191873_1766403197364_8712000058685_1.png",
      "source_url": "https://www.jumbo.com/aanbiedingen/affligem-amstel-of-desperados/3012580"
    },
    {
      "id": "498383PAK",
      "name": "Dubbelfrisss Sinaasappel-Mandarijn 1,5 L",
      "brand": "DubbelFrisss",
      "category": "Frisdrank en sappen",
      "unit_size": "1.5 L",
      "offer_price": 2.89,
      "normal_price": 2.89,
      "price_per_unit": 1.93,
      "price_unit": "l",
      "discount_tag": "1+1 gratis",
      "promo_title": "Dubbelfrisss of Taksi",
      "validity": "za 27 t/m wo 31 dec",
      "image_url": "https://www.jumbo.com/dam-images/fit-in/360x360/Products/06122025_1764988389517_1764988396238_498383_PAK_08720157467533_C1N1.png",
      "source_url": "https://www.jumbo.com/aanbiedingen/dubbelfrisss-of-taksi/3012638"
    },
    {
      "id": "521758PAK",
      "name": "Taksi Tropisch Fruit Ananas Passievrucht 1,5 L",
      "brand": "Taksi",
      "category": "Frisdrank en sappen",
      "unit_size": "1.5 L",
      "offer_price": 1.99,
      "normal_price": 1.99,
      "price_per_unit": 1.33,
      "price_unit": "l",
      "discount_tag": "1+1 gratis",
      "promo_title": "Dubbelfrisss of Taksi",
      "validity": "za 27 t/m wo 31 dec",
      "image_url": "https://www.jumbo.com/dam-images/fit-in/360x360/Products/20112025_1763612177411_1763612183710_521758_PAK_08713300042855_H1N1.png",
      "source_url": "https://www.jumbo.com/aanbiedingen/dubbelfrisss-of-taksi/3012638"
    },
    {
      "id": "498388PAK",
      "name": "DubbelFrisss 1Kcal Appel - Zwarte Bes 1,5L",
      "brand": "DubbelFrisss",
      "category": "Frisdrank en sappen",
      "unit_size": "1.5 L",
      "offer_price": 2.89,
      "normal_price": 2.89,
      "price_per_unit": 1.93,
      "price_unit": "l",
      "discount_tag": "1+1 gratis",
      "promo_title": "Dubbelfrisss of Taksi",
      "validity": "za 27 t/m wo 31 dec",
      "image_url": "https://www.jumbo.com/dam-images/fit-in/360x360/Products/21112025_1763691844503_1763691852861_498388_PAK_08720157467632_C1N1.png",
      "source_url": "https://www.jumbo.com/aanbiedingen/dubbelfrisss-of-taksi/3012638"
    },
    {
      "id": "608967PAK",
      "name": "DubbelFrisss Boost Framboos - Cranberry 1,5L",
      "brand": "DubbelFrisss",
      "category": "Frisdrank en sappen",
      "unit_size": "1.5 L",
      "offer_price": 1.99,
      "normal_price": 1.99,
      "price_per_unit": 1.33,
      "price_unit": "l",
      "discount_tag": "1+1 gratis",
      "promo_title": "Dubbelfrisss of Taksi",
      "validity": "za 27 t/m wo 31 dec",
      "image_url": "https://www.jumbo.com/dam-images/fit-in/360x360/Products/25112025_1764084772584_1764084776225_8720157401940_1.png",
      "source_url": "https://www.jumbo.com/aanbiedingen/dubbelfrisss-of-taksi/3012638"
    },
    {
      "id": "498382PAK",
      "name": "Dubbelfrisss Framboos-Cranberry 1,5 L",
      "brand": "DubbelFrisss",
      "category": "Frisdrank en sappen",
      "unit_size": "1.5 L",
      "offer_price": 2.89,
      "normal_price": 2.89,
      "price_per_unit": 1.93,
      "price_unit": "l",
      "discount_tag": "1+1 gratis",
      "promo_title": "Dubbelfrisss of Taksi",
      "validity": "za 27 t/m wo 31 dec",
      "image_url": "https://www.jumbo.com/dam-images/fit-in/360x360/Products/06122025_1764988408917_1764988415688_498382_PAK_08720157467519_C1N1.png",
      "source_url": "https://www.jumbo.com/aanbiedingen/dubbelfrisss-of-taksi/3012638"
    },
    {
      "id": "608969PAK",
      "name": "DubbelFrisss Boost Ananas - Mango 1,5L",
      "brand": "DubbelFrisss",
      "category": "Frisdrank en sappen",
      "unit_size": "1.5 L",
      "offer_price": 1.99,
      "normal_price": 1.99,
      "price_per_unit": 1.33,
      "price_unit": "l",
      "discount_tag": "1+1 gratis",
      "promo_title": "Dubbelfrisss of Taksi",
      "validity": "za 27 t/m wo 31 dec",
      "image_url": "https://www.jumbo.com/dam-images/fit-in/360x360/Products/01122025_1764610372816_1764610376441_8720157402008_1.png",
      "source_url": "https://www.jumbo.com/aanbiedingen/dubbelfrisss-of-taksi/3012638"
    },
    {
      "id": "670384PAK",
      "name": "DubbelFrisss 1Kcal Limoncello - Spritzzz 1,5L",
      "brand": "DubbelFrisss",
      "category": "Frisdrank en sappen",
      "unit_size": "1.5 L",
      "offer_price": 2.89,
      "normal_price": 2.89,
      "price_per_unit": 1.93,
      "price_unit": "l",
      "discount_tag": "1+1 gratis",
      "promo_title": "Dubbelfrisss of Taksi",
      "validity": "za 27 t/m wo 31 dec",
      "image_url": "https://www.jumbo.com/dam-images/fit-in/360x360/Products/26052025_1748277173325_1748277192174_8720157402664_1.png",
      "source_url": "https://www.jumbo.com/aanbiedingen/dubbelfrisss-of-taksi/3012638"
    },
    {
      "id": "412856PAK",
      "name": "Taksi Sinaasappel 1,5 L",
      "brand": "Taksi",
      "category": "Frisdrank en sappen",
      "unit_size": "1.5 L",
      "offer_price": 1.99,
      "normal_price": 1.99,
      "price_per_unit": 1.33,
      "price_unit": "l",
      "discount_tag": "1+1 gratis",
      "promo_title": "Dubbelfrisss of Taksi",
      "validity": "za 27 t/m wo 31 dec",
      "image_url": "https://www.jumbo.com/dam-images/fit-in/360x360/Products/20112025_1763605003246_1763605011710_412856_PAK_08713300069456_H1N1.png",
      "source_url": "https://www.jumbo.com/aanbiedingen/dubbelfrisss-of-taksi/3012638"
    },
    {
      "id": "498381PAK",
      "name": "DubbelFrisss Witte Druiven - Citroen 1,5L",
      "brand": "DubbelFrisss",
      "category": "Frisdrank en sappen",
      "unit_size": "1.5 L",
      "offer_price": 2.89,
      "normal_price": 2.89,
      "price_per_unit": 1.93,
      "price_unit": "l",
      "discount_tag": "1+1 gratis",
      "promo_title": "Dubbelfrisss of Taksi",
      "validity": "za 27 t/m wo 31 dec",
      "image_url": "https://www.jumbo.com/dam-images/fit-in/360x360/Products/22112025_1763791159026_1763791167074_498381_PAK_08720157467496_C1N1.png",
      "source_url": "https://www.jumbo.com/aanbiedingen/dubbelfrisss-of-taksi/3012638"
    },
    {
      "id": "204570PAK",
      "name": "Taksi Exotisch Fruit 1,5 L",
      "brand": "Taksi",
      "category": "Frisdrank en sappen",
      "unit_size": "1.5 L",
      "offer_price": 1.99,
      "normal_price": 1.99,
      "price_per_unit": 1.33,
      "price_unit": "l",
      "discount_tag": "1+1 gratis",
      "promo_title": "Dubbelfrisss of Taksi",
      "validity": "za 27 t/m wo 31 dec",
      "image_url": "https://www.jumbo.com/dam-images/fit-in/360x360/Products/20112025_1763604357950_1763604365565_204570_PAK_08713300069906_H1N1.png",
      "source_url": "https://www.jumbo.com/aanbiedingen/dubbelfrisss-of-taksi/3012638"
    },
    {
      "id": "390424PAK",
      "name": "DubbelFrisss 1Kcal Appel - Perzik 1,5L",
      "brand": "DubbelFrisss",
      "category": "Frisdrank en sappen",
      "unit_size": "1.5 L",
      "offer_price": 2.89,
      "normal_price": 2.89,
      "price_per_unit": 1.93,
      "price_unit": "l",
      "discount_tag": "1+1 gratis",
      "promo_title": "Dubbelfrisss of Taksi",
      "validity": "za 27 t/m wo 31 dec",
      "image_url": "https://www.jumbo.com/dam-images/fit-in/360x360/Products/20112025_1763610581412_1763610589022_390424_PAK_08720157463726_C1N1.png",
      "source_url": "https://www.jumbo.com/aanbiedingen/dubbelfrisss-of-taksi/3012638"
    },
    {
      "id": "390425PAK",
      "name": "Dubbelfrisss 1Kcal Witte Druiven-Citroen 1,5 L",
      "brand": "DubbelFrisss",
      "category": "Frisdrank en sappen",
      "unit_size": "1.5 L",
      "offer_price": 2.89,
      "normal_price": 2.89,
      "price_per_unit": 1.93,
      "price_unit": "l",
      "discount_tag": "1+1 gratis",
      "promo_title": "Dubbelfrisss of Taksi",
      "validity": "za 27 t/m wo 31 dec",
      "image_url": "https://www.jumbo.com/dam-images/fit-in/360x360/Products/21112025_1763692413723_1763692420933_390425_PAK_08720157463764_C1N1.png",
      "source_url": "https://www.jumbo.com/aanbiedingen/dubbelfrisss-of-taksi/3012638"
    },
    {
      "id": "670385PAK",
      "name": "DubbelFrisss 1Kcal Sinaasappel - Spritzzz 1,5L",
      "brand": "DubbelFrisss",
      "category": "Frisdrank en sappen",
      "unit_size": "1.5 L",
      "offer_price": 2.89,
      "normal_price": 2.89,
      "price_per_unit": 1.93,
      "price_unit": "l",
      "discount_tag": "1+1 gratis",
      "promo_title": "Dubbelfrisss of Taksi",
      "validity": "za 27 t/m wo 31 dec",
      "image_url": "https://www.jumbo.com/dam-images/fit-in/360x360/Products/26052025_1748277173568_1748277180761_8720157402640_1.png",
      "source_url": "https://www.jumbo.com/aanbiedingen/dubbelfrisss-of-taksi/3012638"
    },
    {
      "id": "608968PAK",
      "name": "DubbelFrisss Boost Appel - Perzik 1,5L",
      "brand": "DubbelFrisss",
      "category": "Frisdrank en sappen",
      "unit_size": "1.5 L",
      "offer_price": 1.99,
      "normal_price": 1.99,
      "price_per_unit": 1.33,
      "price_unit": "l",
      "discount_tag": "1+1 gratis",
      "promo_title": "Dubbelfrisss of Taksi",
      "validity": "za 27 t/m wo 31 dec",
      "image_url": "https://www.jumbo.com/dam-images/fit-in/360x360/Products/17122025_1765941477609_1765941488580_608968_PAK_08720157401926_H1N1.png",
      "source_url": "https://www.jumbo.com/aanbiedingen/dubbelfrisss-of-taksi/3012638"
    },
    {
      "id": "498380PAK",
      "name": "DubbelFrisss Appel - Perzik 1,5L",
      "brand": "DubbelFrisss",
      "category": "Frisdrank en sappen",
      "unit_size": "1.5 L",
      "offer_price": 2.89,
      "normal_price": 2.89,
      "price_per_unit": 1.93,
      "price_unit": "l",
      "discount_tag": "1+1 gratis",
      "promo_title": "Dubbelfrisss of Taksi",
      "validity": "za 27 t/m wo 31 dec",
      "image_url": "https://www.jumbo.com/dam-images/fit-in/360x360/Products/20112025_1763634789668_1763634794762_8720157467472_1.png",
      "source_url": "https://www.jumbo.com/aanbiedingen/dubbelfrisss-of-taksi/3012638"
    },
    {
      "id": "582891PAK",
      "name": "Taksi Jungle Fruit Kiwi, Mango Sinaasappel 1,5 L",
      "brand": "Taksi",
      "category": "Frisdrank en sappen",
      "unit_size": "1.5 L",
      "offer_price": 1.99,
      "normal_price": 1.99,
      "price_per_unit": 1.33,
      "price_unit": "l",
      "discount_tag": "1+1 gratis",
      "promo_title": "Dubbelfrisss of Taksi",
      "validity": "za 27 t/m wo 31 dec",
      "image_url": "https://www.jumbo.com/dam-images/fit-in/360x360/Products/20112025_1763609894894_1763609906476_582891_PAK_08720157400844_H1N1.png",
      "source_url": "https://www.jumbo.com/aanbiedingen/dubbelfrisss-of-taksi/3012638"
    },
    {
      "id": "412708PAK",
      "name": "Taksi Tropisch Fruit 1,5 L",
      "brand": "Taksi",
      "category": "Frisdrank en sappen",
      "unit_size": "1.5 L",
      "offer_price": 1.99,
      "normal_price": 1.99,
      "price_per_unit": 1.33,
      "price_unit": "l",
      "discount_tag": "1+1 gratis",
      "promo_title": "Dubbelfrisss of Taksi",
      "validity": "za 27 t/m wo 31 dec",
      "image_url": "https://www.jumbo.com/dam-images/fit-in/360x360/Products/20062025_1750411966978_1750411971678_8713300069463_1.png",
      "source_url": "https://www.jumbo.com/aanbiedingen/dubbelfrisss-of-taksi/3012638"
    },
    {
      "id": "690695PAK",
      "name": "DubbelFrisss Boost Aardbei-Peer 1,5L",
      "brand": "DubbelFrisss",
      "category": "Frisdrank en sappen",
      "unit_size": null,
      "offer_price": 1.99,
      "normal_price": 1.99,
      "price_per_unit": 1.33,
      "price_unit": "l",
      "discount_tag": "1+1 gratis",
      "promo_title": "Dubbelfrisss of Taksi",
      "validity": "za 27 t/m wo 31 dec",
      "image_url": "https://www.jumbo.com/dam-images/fit-in/360x360/Products/12052025_1747013008257_1747013027823_690695_PAK_08720157403272_C1N1.png",
      "source_url": "https://www.jumbo.com/aanbiedingen/dubbelfrisss-of-taksi/3012638"
    },
    {
      "id": "390426PAK",
      "name": "DubbelFrisss 1Kcal Framboos - Cranberry 1,5L",
      "brand": "DubbelFrisss",
      "category": "Frisdrank en sappen",
      "unit_size": "1.5 L",
      "offer_price": 2.89,
      "normal_price": 2.89,
      "price_per_unit": 1.93,
      "price_unit": "l",
      "discount_tag": "1+1 gratis",
      "promo_title": "Dubbelfrisss of Taksi",
      "validity": "za 27 t/m wo 31 dec",
      "image_url": "https://www.jumbo.com/dam-images/fit-in/360x360/Products/20112025_1763610604655_1763610612412_390426_PAK_08720157463740_C1N1.png",
      "source_url": "https://www.jumbo.com/aanbiedingen/dubbelfrisss-of-taksi/3012638"
    },
    {
      "id": "670383PAK",
      "name": "Taksi Drakenfruit Geen suiker toegevoegd 1,5L",
      "brand": "Taksi",
      "category": "Frisdrank en sappen",
      "unit_size": "1.5 L",
      "offer_price": 1.99,
      "normal_price": 1.99,
      "price_per_unit": 1.33,
      "price_unit": "l",
      "discount_tag": "1+1 gratis",
      "promo_title": "Dubbelfrisss of Taksi",
      "validity": "za 27 t/m wo 31 dec",
      "image_url": "https://www.jumbo.com/dam-images/fit-in/360x360/Products/28062025_1751074608958_1751074622071_670383_PAK_08720157402824_A1N1.png",
      "source_url": "https://www.jumbo.com/aanbiedingen/dubbelfrisss-of-taksi/3012638"
    },
    {
      "id": "608966PAK",
      "name": "DubbelFrisss Boost Bosvruchten - Appel 1,5L",
      "brand": "DubbelFrisss",
      "category": "Frisdrank en sappen",
      "unit_size": "1.5 L",
      "offer_price": 1.99,
      "normal_price": 1.99,
      "price_per_unit": 1.33,
      "price_unit": "l",
      "discount_tag": "1+1 gratis",
      "promo_title": "Dubbelfrisss of Taksi",
      "validity": "za 27 t/m wo 31 dec",
      "image_url": "https://www.jumbo.com/dam-images/fit-in/360x360/Products/06122025_1764990307203_1764990319217_608966_PAK_08720157401964_H1N1.png",
      "source_url": "https://www.jumbo.com/aanbiedingen/dubbelfrisss-of-taksi/3012638"
    },
    {
      "id": "157046STK",
      "name": "Mora Oven & Airfryer Rundvlees Bitterballen 300 g",
      "brand": "Mora",
      "category": "Diepvries",
      "unit_size": null,
      "offer_price": 5.19,
      "normal_price": 5.19,
      "price_per_unit": 17.3,
      "price_unit": "kg",
      "discount_tag": "2+1 gratis",
      "promo_title": "Mora mini snacks",
      "validity": "za 27 t/m wo 31 dec",
      "image_url": "https://www.jumbo.com/dam-images/fit-in/360x360/Products/30032025_1743298945981_1743298958523_157046_STK_08710861995217_H1N1.png",
      "source_url": "https://www.jumbo.com/aanbiedingen/mora-mini-snacks/3012666"
    },
    {
      "id": "187638DS",
      "name": "Mora Mini's Kipnuggets 252 g",
      "brand": "Mora",
      "category": "Diepvries",
      "unit_size": null,
      "offer_price": 3.09,
      "normal_price": 3.09,
      "price_per_unit": 12.26,
      "price_unit": "kg",
      "discount_tag": "2+1 gratis",
      "promo_title": "Mora mini snacks",
      "validity": "za 27 t/m wo 31 dec",
      "image_url": "https://www.jumbo.com/dam-images/fit-in/360x360/Products/14062025_1749868322456_1749868327824_187638_DS_08710861999369_H1N1.png",
      "source_url": "https://www.jumbo.com/aanbiedingen/mora-mini-snacks/3012666"
    },
    {
      "id": "189539DS",
      "name": "Mora Oven & Airfryer Goudse Kaasballetjes 280 g",
      "brand": "Mora",
      "category": "Diepvries",
      "unit_size": null,
      "offer_price": 4.59,
      "normal_price": 4.59,
      "price_per_unit": 16.39,
      "price_unit": "kg",
      "discount_tag": "2+1 gratis",
      "promo_title": "Mora mini snacks",
      "validity": "za 27 t/m wo 31 dec",
      "image_url": "https://www.jumbo.com/dam-images/fit-in/360x360/Products/14062025_1749869612480_1749869621941_189539_DS_08710861994760_H1N1.png",
      "source_url": "https://www.jumbo.com/aanbiedingen/mora-mini-snacks/3012666"
    },
    {
      "id": "347463DS",
      "name": "Mora Oven & Airfryer Goudse Mini Kaassoufflés 252 g",
      "brand": "Mora",
      "category": "Diepvries",
      "unit_size": null,
      "offer_price": 4.99,
      "normal_price": 4.99,
      "price_per_unit": 19.8,
      "price_unit": "kg",
      "discount_tag": "2+1 gratis",
      "promo_title": "Mora mini snacks",
      "validity": "za 27 t/m wo 31 dec",
      "image_url": "https://www.jumbo.com/dam-images/fit-in/360x360/Products/26042025_1745633703844_1745633711885_347463_DS_08710861940910_H1N1.png",
      "source_url": "https://www.jumbo.com/aanbiedingen/mora-mini-snacks/3012666"
    },
    {
      "id": "416251DS",
      "name": "Mora Oven & Airfryer Nacho Cheese bites 12 x 23 g",
      "brand": "Mora",
      "category": "Diepvries",
      "unit_size": null,
      "offer_price": 4.79,
      "normal_price": 4.79,
      "price_per_unit": 17.36,
      "price_unit": "kg",
      "discount_tag": "2+1 gratis",
      "promo_title": "Mora mini snacks",
      "validity": "za 27 t/m wo 31 dec",
      "image_url": "https://www.jumbo.com/dam-images/fit-in/360x360/Products/14062025_1749866969247_1749866979163_416251_DS_08710861913051_H1N1.png",
      "source_url": "https://www.jumbo.com/aanbiedingen/mora-mini-snacks/3012666"
    },
    {
      "id": "175470DS",
      "name": "Mora Oven & Airfryer Mini Frikandellen 400 g",
      "brand": "Mora",
      "category": "Diepvries",
      "unit_size": null,
      "offer_price": 4.69,
      "normal_price": 4.69,
      "price_per_unit": 11.73,
      "price_unit": "kg",
      "discount_tag": "2+1 gratis",
      "promo_title": "Mora mini snacks",
      "validity": "za 27 t/m wo 31 dec",
      "image_url": "https://www.jumbo.com/dam-images/fit-in/360x360/Products/26042025_1745635144291_1745635152386_175470_DS_08710861994623_H1N1.png",
      "source_url": "https://www.jumbo.com/aanbiedingen/mora-mini-snacks/3012666"
    },
    {
      "id": "225234STK",
      "name": "Mora Vegetarische Draadjesvleesch Bitterballen 240 g",
      "brand": "Mora",
      "category": "Diepvries",
      "unit_size": null,
      "offer_price": 4.55,
      "normal_price": 4.55,
      "price_per_unit": 18.96,
      "price_unit": "kg",
      "discount_tag": "2+1 gratis",
      "promo_title": "Mora mini snacks",
      "validity": "za 27 t/m wo 31 dec",
      "image_url": "https://www.jumbo.com/dam-images/fit-in/360x360/Products/07052025_1746582636071_1746582645545_225234_STK_08710861999666_H1N1.png",
      "source_url": "https://www.jumbo.com/aanbiedingen/mora-mini-snacks/3012666"
    },
    {
      "id": "187633DS",
      "name": "Mora Mini's Mini Kaassouffles 12 x 25 g",
      "brand": "Mora",
      "category": "Diepvries",
      "unit_size": null,
      "offer_price": 3.49,
      "normal_price": 3.49,
      "price_per_unit": 11.63,
      "price_unit": "kg",
      "discount_tag": "2+1 gratis",
      "promo_title": "Mora mini snacks",
      "validity": "za 27 t/m wo 31 dec",
      "image_url": "https://www.jumbo.com/dam-images/fit-in/360x360/Products/14062025_1749868343799_1749868349038_187633_DS_08710861999321_H1N1.png",
      "source_url": "https://www.jumbo.com/aanbiedingen/mora-mini-snacks/3012666"
    },
    {
      "id": "189562DS",
      "name": "Mora Oven & Airfryer Kipnuggets 280 g",
      "brand": "Mora",
      "category": "Diepvries",
      "unit_size": null,
      "offer_price": 5.19,
      "normal_price": 5.19,
      "price_per_unit": 18.54,
      "price_unit": "kg",
      "discount_tag": "2+1 gratis",
      "promo_title": "Mora mini snacks",
      "validity": "za 27 t/m wo 31 dec",
      "image_url": "https://www.jumbo.com/dam-images/fit-in/360x360/Products/15052025_1747278470344_1747278489918_189562_DS_08710861994753_H1N1_R.png",
      "source_url": "https://www.jumbo.com/aanbiedingen/mora-mini-snacks/3012666"
    },
    {
      "id": "187637DS",
      "name": "Mora Mini's Rundvlees Bitterballen 12 x 20 g",
      "brand": "Mora",
      "category": "Diepvries",
      "unit_size": null,
      "offer_price": 2.99,
      "normal_price": 2.99,
      "price_per_unit": 12.46,
      "price_unit": "kg",
      "discount_tag": "2+1 gratis",
      "promo_title": "Mora mini snacks",
      "validity": "za 27 t/m wo 31 dec",
      "image_url": "https://www.jumbo.com/dam-images/fit-in/360x360/Products/23102025_1761183481070_1761183502204_187637_DS_08710861999338_H1N1.png",
      "source_url": "https://www.jumbo.com/aanbiedingen/mora-mini-snacks/3012666"
    },
    {
      "id": "270047STK",
      "name": "Mora Oven & Airfryer Hapjes Mix 16 x 20 g",
      "brand": "Mora",
      "category": "Diepvries",
      "unit_size": null,
      "offer_price": 4.75,
      "normal_price": 4.75,
      "price_per_unit": 14.84,
      "price_unit": "kg",
      "discount_tag": "2+1 gratis",
      "promo_title": "Mora mini snacks",
      "validity": "za 27 t/m wo 31 dec",
      "image_url": "https://www.jumbo.com/dam-images/fit-in/360x360/Products/26042025_1745629824951_1745629836195_270047_STK_08710861994975_H1N1.png",
      "source_url": "https://www.jumbo.com/aanbiedingen/mora-mini-snacks/3012666"
    },
    {
      "id": "179772DS",
      "name": "Mora Mini's Mega Mix 962 g",
      "brand": "Mora",
      "category": "Diepvries",
      "unit_size": null,
      "offer_price": 6.99,
      "normal_price": 6.99,
      "price_per_unit": 7.27,
      "price_unit": "kg",
      "discount_tag": "2+1 gratis",
      "promo_title": "Mora mini snacks",
      "validity": "za 27 t/m wo 31 dec",
      "image_url": "https://www.jumbo.com/dam-images/fit-in/360x360/Products/09082023_1691590264776_1691590280158_8710861995507_1.png",
      "source_url": "https://www.jumbo.com/aanbiedingen/mora-mini-snacks/3012666"
    },
    {
      "id": "482794DS",
      "name": "Mora Oven & Airfryer Cheese Onion Bites 240 g",
      "brand": "Mora",
      "category": "Diepvries",
      "unit_size": null,
      "offer_price": 4.59,
      "normal_price": 4.59,
      "price_per_unit": 19.13,
      "price_unit": "kg",
      "discount_tag": "2+1 gratis",
      "promo_title": "Mora mini snacks",
      "validity": "za 27 t/m wo 31 dec",
      "image_url": "https://www.jumbo.com/dam-images/fit-in/360x360/Products/16082025_1755306628291_1755306638768_482794_DS_08710861912740_H1N1.png",
      "source_url": "https://www.jumbo.com/aanbiedingen/mora-mini-snacks/3012666"
    },
    {
      "id": "703592DS",
      "name": "Mora Oven & Airfryer Rendang Bitterbal Mini's 300g",
      "brand": "Mora",
      "category": "Diepvries",
      "unit_size": null,
      "offer_price": 4.95,
      "normal_price": 4.95,
      "price_per_unit": 16.5,
      "price_unit": "kg",
      "discount_tag": "2+1 gratis",
      "promo_title": "Mora mini snacks",
      "validity": "za 27 t/m wo 31 dec",
      "image_url": "https://www.jumbo.com/dam-images/fit-in/360x360/Products/06062025_1749219708031_1749219714036_703592_DS_08710861914713_C1N1.png",
      "source_url": "https://www.jumbo.com/aanbiedingen/mora-mini-snacks/3012666"
    },
    {
      "id": "388021DS",
      "name": "Mora Vegetarische Mini Mix 240 g",
      "brand": "Mora",
      "category": "Diepvries",
      "unit_size": null,
      "offer_price": 4.55,
      "normal_price": 4.55,
      "price_per_unit": 18.96,
      "price_unit": "kg",
      "discount_tag": "2+1 gratis",
      "promo_title": "Mora mini snacks",
      "validity": "za 27 t/m wo 31 dec",
      "image_url": "https://www.jumbo.com/dam-images/fit-in/360x360/Products/14062025_1749865351410_1749865373140_388021_DS_08710861999406_H1N1_R.png",
      "source_url": "https://www.jumbo.com/aanbiedingen/mora-mini-snacks/3012666"
    },
    {
      "id": "587134DS",
      "name": "Mora Oven & Airfryer Mozzarella Cheese Bites 13 x 18 g",
      "brand": "Mora",
      "category": "Diepvries",
      "unit_size": null,
      "offer_price": 5.29,
      "normal_price": 5.29,
      "price_per_unit": 23.0,
      "price_unit": "kg",
      "discount_tag": "2+1 gratis",
      "promo_title": "Mora mini snacks",
      "validity": "za 27 t/m wo 31 dec",
      "image_url": "https://www.jumbo.com/dam-images/fit-in/360x360/Products/14062025_1749867691426_1749867711803_587134_DS_08710861914492_H1N1.png",
      "source_url": "https://www.jumbo.com/aanbiedingen/mora-mini-snacks/3012666"
    },
    {
      "id": "416200DS",
      "name": "Mora Oven & Airfryer Chili Cheese Bites 240 g",
      "brand": "Mora",
      "category": "Diepvries",
      "unit_size": null,
      "offer_price": 4.79,
      "normal_price": 4.79,
      "price_per_unit": 19.96,
      "price_unit": "kg",
      "discount_tag": "2+1 gratis",
      "promo_title": "Mora mini snacks",
      "validity": "za 27 t/m wo 31 dec",
      "image_url": "https://www.jumbo.com/dam-images/fit-in/360x360/Products/10052025_1746845644315_1746845658665_416200_DS_08710861913082_C1N1.png",
      "source_url": "https://www.jumbo.com/aanbiedingen/mora-mini-snacks/3012666"
    },
    {
      "id": "432151KRT",
      "name": "Bud - Pils - Krat - 24 x 300ML",
      "brand": "Bud",
      "category": "Bier en wijn",
      "unit_size": null,
      "offer_price": 19.99,
      "normal_price": 19.99,
      "price_per_unit": 2.78,
      "price_unit": "l",
      "discount_tag": "€ 4,00 bezorgkorting",
      "promo_title": "Karmeliet, Corona of pils van Hertog Jan, Bud of Jupiler",
      "validity": "za 27 t/m wo 31 dec",
      "image_url": "https://www.jumbo.com/dam-images/fit-in/360x360/Products/432151KRT-1692279796335.png",
      "source_url": "https://www.jumbo.com/aanbiedingen/karmeliet-corona-of-pils-van-hertog-jan-bud-of-jupiler/3012755"
    },
    {
      "id": "538459PAK",
      "name": "Corona Extra 6x330ML",
      "brand": "Corona",
      "category": "Bier en wijn",
      "unit_size": null,
      "offer_price": 9.79,
      "normal_price": 9.79,
      "price_per_unit": 4.94,
      "price_unit": "l",
      "discount_tag": "€ 4,00 bezorgkorting",
      "promo_title": "Karmeliet, Corona of pils van Hertog Jan, Bud of Jupiler",
      "validity": "za 27 t/m wo 31 dec",
      "image_url": "https://www.jumbo.com/dam-images/fit-in/360x360/Products/05410228305170H1N127fe2f4c-493e-4579-b73c-f8d67f15a6cb-1713367821022.png",
      "source_url": "https://www.jumbo.com/aanbiedingen/karmeliet-corona-of-pils-van-hertog-jan-bud-of-jupiler/3012755"
    },
    {
      "id": "547157PAK",
      "name": "Corona - Extra - Fles - 6 x 330ML",
      "brand": "Corona",
      "category": "Bier en wijn",
      "unit_size": "6 x 330 ml",
      "offer_price": 9.99,
      "normal_price": 9.99,
      "price_per_unit": 5.05,
      "price_unit": "l",
      "discount_tag": "€ 4,00 bezorgkorting",
      "promo_title": "Karmeliet, Corona of pils van Hertog Jan, Bud of Jupiler",
      "validity": "za 27 t/m wo 31 dec",
      "image_url": "https://www.jumbo.com/dam-images/fit-in/360x360/Products/Simplification07CORExtraBotPack6x33clORI2Dc0c14faa-cee2-4806-b89e-503a34d5ef2e-1723473863859.png",
      "source_url": "https://www.jumbo.com/aanbiedingen/karmeliet-corona-of-pils-van-hertog-jan-bud-of-jupiler/3012755"
    },
    {
      "id": "634676DS",
      "name": "Jupiler Belgische Pils Bier Blikken 6 x 44 cl",
      "brand": "Jupiler",
      "category": "Bier en wijn",
      "unit_size": "6 x 44 cl",
      "offer_price": 9.99,
      "normal_price": 9.99,
      "price_per_unit": 3.78,
      "price_unit": "l",
      "discount_tag": "€ 4,00 bezorgkorting",
      "promo_title": "Karmeliet, Corona of pils van Hertog Jan, Bud of Jupiler",
      "validity": "za 27 t/m wo 31 dec",
      "image_url": "https://www.jumbo.com/dam-images/fit-in/360x360/Products/12122025_1765501270661_1765501277586_5410228300557_1.png",
      "source_url": "https://www.jumbo.com/aanbiedingen/karmeliet-corona-of-pils-van-hertog-jan-bud-of-jupiler/3012755"
    },
    {
      "id": "137564TRA",
      "name": "Jupiler Belgische Pils Bier Flessen 6 x 25 cl",
      "brand": "Jupiler",
      "category": "Bier en wijn",
      "unit_size": "6 x 25 cl",
      "offer_price": 6.19,
      "normal_price": 6.19,
      "price_per_unit": 4.13,
      "price_unit": "l",
      "discount_tag": "€ 4,00 bezorgkorting",
      "promo_title": "Karmeliet, Corona of pils van Hertog Jan, Bud of Jupiler",
      "validity": "za 27 t/m wo 31 dec",
      "image_url": "https://www.jumbo.com/dam-images/fit-in/360x360/Products/19122025_1766161976696_1766161982519_5410228257479_1.png",
      "source_url": "https://www.jumbo.com/aanbiedingen/karmeliet-corona-of-pils-van-hertog-jan-bud-of-jupiler/3012755"
    },
    {
      "id": "536509PAK",
      "name": "AB Bud Lager Beer Blik 330 ml",
      "brand": "Bud",
      "category": "Bier en wijn",
      "unit_size": "330 ml",
      "offer_price": 7.99,
      "normal_price": 7.99,
      "price_per_unit": 4.04,
      "price_unit": "l",
      "discount_tag": "€ 4,00 bezorgkorting",
      "promo_title": "Karmeliet, Corona of pils van Hertog Jan, Bud of Jupiler",
      "validity": "za 27 t/m wo 31 dec",
      "image_url": "https://www.jumbo.com/dam-images/fit-in/360x360/Products/03122025_1764779671287_1764779674634_5410228305026_1.png",
      "source_url": "https://www.jumbo.com/aanbiedingen/karmeliet-corona-of-pils-van-hertog-jan-bud-of-jupiler/3012755"
    },
    {
      "id": "566576TRA",
      "name": "Hertog Jan Natuurzuiver Bier Blikken 6 x 33 cl",
      "brand": "Hertog Jan",
      "category": "Bier en wijn",
      "unit_size": "6 x 33 cl",
      "offer_price": 6.99,
      "normal_price": 6.99,
      "price_per_unit": 3.53,
      "price_unit": "l",
      "discount_tag": "€ 4,00 bezorgkorting",
      "promo_title": "Karmeliet, Corona of pils van Hertog Jan, Bud of Jupiler",
      "validity": "za 27 t/m wo 31 dec",
      "image_url": "https://www.jumbo.com/dam-images/fit-in/360x360/Products/28112025_1764343972084_1764343977858_8725000659967_1.png",
      "source_url": "https://www.jumbo.com/aanbiedingen/karmeliet-corona-of-pils-van-hertog-jan-bud-of-jupiler/3012755"
    },
    {
      "id": "722580DS",
      "name": "Tripel Karmeliet 12x250ML",
      "brand": "Karmeliet",
      "category": "Bier en wijn",
      "unit_size": null,
      "offer_price": 18.59,
      "normal_price": 18.59,
      "price_per_unit": 6.2,
      "price_unit": "l",
      "discount_tag": "€ 4,00 bezorgkorting",
      "promo_title": "Karmeliet, Corona of pils van Hertog Jan, Bud of Jupiler",
      "validity": "za 27 t/m wo 31 dec",
      "image_url": "https://www.jumbo.com/dam-images/fit-in/360x360/Products/TripKar12Packmobileherocab4d41e-996f-46e5-8157-cc0ee6062b9e-1762514657925.png",
      "source_url": "https://www.jumbo.com/aanbiedingen/karmeliet-corona-of-pils-van-hertog-jan-bud-of-jupiler/3012755"
    },
    {
      "id": "350342PAK",
      "name": "Hertog Jan - Pilsener - Fles - 12 x 250ML",
      "brand": "Hertog Jan",
      "category": "Bier en wijn",
      "unit_size": null,
      "offer_price": 13.19,
      "normal_price": 13.19,
      "price_per_unit": 4.4,
      "price_unit": "l",
      "discount_tag": "€ 4,00 bezorgkorting",
      "promo_title": "Karmeliet, Corona of pils van Hertog Jan, Bud of Jupiler",
      "validity": "za 27 t/m wo 31 dec",
      "image_url": "https://www.jumbo.com/dam-images/fit-in/360x360/Products/08725000655341C1N17bc5806e-2812-403f-85c5-0d407e199426-1712753260265.png",
      "source_url": "https://www.jumbo.com/aanbiedingen/karmeliet-corona-of-pils-van-hertog-jan-bud-of-jupiler/3012755"
    },
    {
      "id": "602731PAK",
      "name": "Tripel Karmeliet Belgisch Bier Blikken 4 x 33 cl",
      "brand": "Karmeliet",
      "category": "Bier en wijn",
      "unit_size": "4 x 33 cl",
      "offer_price": 8.99,
      "normal_price": 8.99,
      "price_per_unit": 6.81,
      "price_unit": "l",
      "discount_tag": "€ 4,00 bezorgkorting",
      "promo_title": "Karmeliet, Corona of pils van Hertog Jan, Bud of Jupiler",
      "validity": "za 27 t/m wo 31 dec",
      "image_url": "https://www.jumbo.com/dam-images/fit-in/360x360/Products/19122025_1766158370986_1766158380923_5410228319917_1.png",
      "source_url": "https://www.jumbo.com/aanbiedingen/karmeliet-corona-of-pils-van-hertog-jan-bud-of-jupiler/3012755"
    },
    {
      "id": "536759TRA",
      "name": "Hertog Jan Natuurzuiver Bier Blikken 6 x 50 cl",
      "brand": "Hertog Jan",
      "category": "Bier en wijn",
      "unit_size": "6 x 50 cl",
      "offer_price": 9.39,
      "normal_price": 9.39,
      "price_per_unit": 3.13,
      "price_unit": "l",
      "discount_tag": "€ 4,00 bezorgkorting",
      "promo_title": "Karmeliet, Corona of pils van Hertog Jan, Bud of Jupiler",
      "validity": "za 27 t/m wo 31 dec",
      "image_url": "https://www.jumbo.com/dam-images/fit-in/360x360/Products/8725000660314H1N1f021a794-9275-41ac-b3ba-642540143652-1763045745734.png",
      "source_url": "https://www.jumbo.com/aanbiedingen/karmeliet-corona-of-pils-van-hertog-jan-bud-of-jupiler/3012755"
    },
    {
      "id": "693899TRA",
      "name": "Tripel Karmeliet 4 x 330ML",
      "brand": "Karmeliet",
      "category": "Bier en wijn",
      "unit_size": null,
      "offer_price": 8.79,
      "normal_price": 8.79,
      "price_per_unit": 6.66,
      "price_unit": "l",
      "discount_tag": "€ 4,00 bezorgkorting",
      "promo_title": "Karmeliet, Corona of pils van Hertog Jan, Bud of Jupiler",
      "validity": "za 27 t/m wo 31 dec",
      "image_url": "https://www.jumbo.com/dam-images/fit-in/360x360/Products/05410228244219H1N13eaee0db-5f9a-4d0d-ad85-ce5e10cf9da7-1721721867640.png",
      "source_url": "https://www.jumbo.com/aanbiedingen/karmeliet-corona-of-pils-van-hertog-jan-bud-of-jupiler/3012755"
    },
    {
      "id": "669470DS",
      "name": "Jupiler - Blik - 6 x 250 ml",
      "brand": "Jupiler",
      "category": "Bier en wijn",
      "unit_size": null,
      "offer_price": 7.49,
      "normal_price": 7.49,
      "price_per_unit": 4.99,
      "price_unit": "l",
      "discount_tag": "€ 4,00 bezorgkorting",
      "promo_title": "Karmeliet, Corona of pils van Hertog Jan, Bud of Jupiler",
      "validity": "za 27 t/m wo 31 dec",
      "image_url": "https://www.jumbo.com/dam-images/fit-in/360x360/Products/JUPREDSHR6x25clSleekNLD514333032D29b3763fa-a8db-4823-bb8e-5aeb3b5bed75-1744881684855.png",
      "source_url": "https://www.jumbo.com/aanbiedingen/karmeliet-corona-of-pils-van-hertog-jan-bud-of-jupiler/3012755"
    },
    {
      "id": "175443PAK",
      "name": "Hertog Jan Pilsener Bier Flessen 6 x 30 cl",
      "brand": "Hertog Jan",
      "category": "Bier en wijn",
      "unit_size": "6 x 30 CL",
      "offer_price": 6.19,
      "normal_price": 6.19,
      "price_per_unit": 3.44,
      "price_unit": "l",
      "discount_tag": "€ 4,00 bezorgkorting",
      "promo_title": "Karmeliet, Corona of pils van Hertog Jan, Bud of Jupiler",
      "validity": "za 27 t/m wo 31 dec",
      "image_url": "https://www.jumbo.com/dam-images/fit-in/360x360/Products/11122025_1765459971551_1765459980204_8725000647803_1.png",
      "source_url": "https://www.jumbo.com/aanbiedingen/karmeliet-corona-of-pils-van-hertog-jan-bud-of-jupiler/3012755"
    },
    {
      "id": "561212PAK",
      "name": "Hertog Jan Grand Pilsener Bier Blikken 6 x 33 cl",
      "brand": "Hertog Jan",
      "category": "Bier en wijn",
      "unit_size": "6 x 33 cl",
      "offer_price": 7.99,
      "normal_price": 7.99,
      "price_per_unit": 4.04,
      "price_unit": "l",
      "discount_tag": "€ 4,00 bezorgkorting",
      "promo_title": "Karmeliet, Corona of pils van Hertog Jan, Bud of Jupiler",
      "validity": "za 27 t/m wo 31 dec",
      "image_url": "https://www.jumbo.com/dam-images/fit-in/360x360/Products/12112025_1762965192111_1762965198564_8725000660994_1.png",
      "source_url": "https://www.jumbo.com/aanbiedingen/karmeliet-corona-of-pils-van-hertog-jan-bud-of-jupiler/3012755"
    },
    {
      "id": "547156TRA",
      "name": "Corona Extra Mexicaans Pils Fles 12x330ML",
      "brand": "Corona",
      "category": "Bier en wijn",
      "unit_size": null,
      "offer_price": 18.99,
      "normal_price": 18.99,
      "price_per_unit": 4.8,
      "price_unit": "l",
      "discount_tag": "€ 4,00 bezorgkorting",
      "promo_title": "Karmeliet, Corona of pils van Hertog Jan, Bud of Jupiler",
      "validity": "za 27 t/m wo 31 dec",
      "image_url": "https://www.jumbo.com/dam-images/fit-in/360x360/Products/547156_7501064193040_1_T1_547156TRA1691077217025.png",
      "source_url": "https://www.jumbo.com/aanbiedingen/karmeliet-corona-of-pils-van-hertog-jan-bud-of-jupiler/3012755"
    },
    {
      "id": "300814ZK",
      "name": "Unox Smaakfavoriet Soep in Zak Romige Paddenstoelen 570 ml",
      "brand": "Unox",
      "category": "Conserven, soepen, sauzen, oliën",
      "unit_size": "570 ml",
      "offer_price": 4.99,
      "normal_price": 4.99,
      "price_per_unit": 8.75,
      "price_unit": "l",
      "discount_tag": "1+1 gratis",
      "promo_title": "Unox soep in zak",
      "validity": "za 27 t/m wo 31 dec",
      "image_url": "https://www.jumbo.com/dam-images/fit-in/360x360/Products/10122025_1765339109103_1765339147643_300814_ZK_08717163850022_H1N1.png",
      "source_url": "https://www.jumbo.com/aanbiedingen/unox-soep-in-zak/3012665"
    },
    {
      "id": "575266ZK",
      "name": "Unox Extra Rijkgevuld Soep In Zak Bruine Bonen 570 ml",
      "brand": "Unox",
      "category": "Conserven, soepen, sauzen, oliën",
      "unit_size": "570 ml",
      "offer_price": 4.95,
      "normal_price": 4.95,
      "price_per_unit": 8.68,
      "price_unit": "l",
      "discount_tag": "1+1 gratis",
      "promo_title": "Unox soep in zak",
      "validity": "za 27 t/m wo 31 dec",
      "image_url": "https://www.jumbo.com/dam-images/fit-in/360x360/Products/29032025_1743218994924_1743219013244_575266_ZK_08720182659910_C1N1.png",
      "source_url": "https://www.jumbo.com/aanbiedingen/unox-soep-in-zak/3012665"
    },
    {
      "id": "575431ZK",
      "name": "Unox Extra Rijkgevuld Soep In Zak Pittige Erwten 570 ml",
      "brand": "Unox",
      "category": "Conserven, soepen, sauzen, oliën",
      "unit_size": "570 ml",
      "offer_price": 4.95,
      "normal_price": 4.95,
      "price_per_unit": 8.68,
      "price_unit": "l",
      "discount_tag": "1+1 gratis",
      "promo_title": "Unox soep in zak",
      "validity": "za 27 t/m wo 31 dec",
      "image_url": "https://www.jumbo.com/dam-images/fit-in/360x360/Products/17122025_1765939957702_1765939966218_575431_ZK_08720182646286_H1N1.png",
      "source_url": "https://www.jumbo.com/aanbiedingen/unox-soep-in-zak/3012665"
    },
    {
      "id": "300829ZK",
      "name": "Unox Smaakfavoriet Soep In Zak Franse Uien 570 ml",
      "brand": "Unox",
      "category": "Conserven, soepen, sauzen, oliën",
      "unit_size": "570 ml",
      "offer_price": 4.45,
      "normal_price": 4.45,
      "price_per_unit": 7.81,
      "price_unit": "l",
      "discount_tag": "1+1 gratis",
      "promo_title": "Unox soep in zak",
      "validity": "za 27 t/m wo 31 dec",
      "image_url": "https://www.jumbo.com/dam-images/fit-in/360x360/Products/11112025_1762830261616_1762830298886_300829_ZK_08717163815052_C1N1.png",
      "source_url": "https://www.jumbo.com/aanbiedingen/unox-soep-in-zak/3012665"
    },
    {
      "id": "300833STK",
      "name": "Unox Smaakfavoriet Soep In Zak Romige Kip-Champignon 570 ml",
      "brand": "Unox",
      "category": "Conserven, soepen, sauzen, oliën",
      "unit_size": "570 ml",
      "offer_price": 4.99,
      "normal_price": 4.99,
      "price_per_unit": 8.75,
      "price_unit": "l",
      "discount_tag": "1+1 gratis",
      "promo_title": "Unox soep in zak",
      "validity": "za 27 t/m wo 31 dec",
      "image_url": "https://www.jumbo.com/dam-images/fit-in/360x360/Products/15112024_1731645252537_1731645292895_300833_STK_08717163889350_C1N1.png",
      "source_url": "https://www.jumbo.com/aanbiedingen/unox-soep-in-zak/3012665"
    },
    {
      "id": "213175ZK",
      "name": "Unox Smaakfavoriet Soep In Zak Vegetarische Groente 570 ml",
      "brand": "Unox",
      "category": "Conserven, soepen, sauzen, oliën",
      "unit_size": "570 ml",
      "offer_price": 5.25,
      "normal_price": 5.25,
      "price_per_unit": 9.21,
      "price_unit": "l",
      "discount_tag": "1+1 gratis",
      "promo_title": "Unox soep in zak",
      "validity": "za 27 t/m wo 31 dec",
      "image_url": "https://www.jumbo.com/dam-images/fit-in/360x360/Products/18122025_1766023799529_1766023843228_213175_ZK_08711200373185_H1N1.png",
      "source_url": "https://www.jumbo.com/aanbiedingen/unox-soep-in-zak/3012665"
    },
    {
      "id": "575263ZK",
      "name": "Unox Extra Rijkgevuld Soep In Zak Pompoen Rode Linzen 570 ml",
      "brand": "Unox",
      "category": "Conserven, soepen, sauzen, oliën",
      "unit_size": "570 ml",
      "offer_price": 4.99,
      "normal_price": 4.99,
      "price_per_unit": 8.75,
      "price_unit": "l",
      "discount_tag": "1+1 gratis",
      "promo_title": "Unox soep in zak",
      "validity": "za 27 t/m wo 31 dec",
      "image_url": "https://www.jumbo.com/dam-images/fit-in/360x360/Products/11122025_1765421483351_1765421511602_575263_ZK_08720182658845_H1N1.png",
      "source_url": "https://www.jumbo.com/aanbiedingen/unox-soep-in-zak/3012665"
    },
    {
      "id": "575264ZK",
      "name": "Unox Extra Rijkgevuld Soep In Zak Tomaten Pasta 570 ml",
      "brand": "Unox",
      "category": "Conserven, soepen, sauzen, oliën",
      "unit_size": "570 ml",
      "offer_price": 4.95,
      "normal_price": 4.95,
      "price_per_unit": 8.68,
      "price_unit": "l",
      "discount_tag": "1+1 gratis",
      "promo_title": "Unox soep in zak",
      "validity": "za 27 t/m wo 31 dec",
      "image_url": "https://www.jumbo.com/dam-images/fit-in/360x360/Products/18122024_1734492793169_1734492810246_575264_ZK_08720182638922_C1N1.png",
      "source_url": "https://www.jumbo.com/aanbiedingen/unox-soep-in-zak/3012665"
    },
    {
      "id": "300830ZK",
      "name": "Unox Soep Tomaat Creme 570ML",
      "brand": "Unox",
      "category": "Conserven, soepen, sauzen, oliën",
      "unit_size": null,
      "offer_price": 3.69,
      "normal_price": 3.69,
      "price_per_unit": 6.47,
      "price_unit": "l",
      "discount_tag": "1+1 gratis",
      "promo_title": "Unox soep in zak",
      "validity": "za 27 t/m wo 31 dec",
      "image_url": "https://www.jumbo.com/dam-images/fit-in/360x360/Products/11112025_1762829178234_1762829204381_300830_ZK_08717163821299_C1N1.png",
      "source_url": "https://www.jumbo.com/aanbiedingen/unox-soep-in-zak/3012665"
    },
    {
      "id": "575261ZK",
      "name": "Unox Extra Rijkgevuld Soep In Zak Tomaten Kidneybonen 570 ml",
      "brand": "Unox",
      "category": "Conserven, soepen, sauzen, oliën",
      "unit_size": "570 ml",
      "offer_price": 5.75,
      "normal_price": 5.75,
      "price_per_unit": 10.09,
      "price_unit": "l",
      "discount_tag": "1+1 gratis",
      "promo_title": "Unox soep in zak",
      "validity": "za 27 t/m wo 31 dec",
      "image_url": "https://www.jumbo.com/dam-images/fit-in/360x360/Products/13122025_1765594960429_1765594987210_575261_ZK_08720182660299_H1N1.png",
      "source_url": "https://www.jumbo.com/aanbiedingen/unox-soep-in-zak/3012665"
    },
    {
      "id": "448025ZK",
      "name": "Unox Biologische Soep Biologische Tomaten 570 ml",
      "brand": "Unox",
      "category": "Conserven, soepen, sauzen, oliën",
      "unit_size": "570 ml",
      "offer_price": 5.09,
      "normal_price": 5.09,
      "price_per_unit": 8.93,
      "price_unit": "l",
      "discount_tag": "1+1 gratis",
      "promo_title": "Unox soep in zak",
      "validity": "za 27 t/m wo 31 dec",
      "image_url": "https://www.jumbo.com/dam-images/fit-in/360x360/Products/26112025_1764138347066_1764138352551_448025_ZK_08720182100696_H1N1.png",
      "source_url": "https://www.jumbo.com/aanbiedingen/unox-soep-in-zak/3012665"
    },
    {
      "id": "300834ZK",
      "name": "Unox Soep Champignon 570ML",
      "brand": "Unox",
      "category": "Conserven, soepen, sauzen, oliën",
      "unit_size": null,
      "offer_price": 3.69,
      "normal_price": 3.69,
      "price_per_unit": 6.47,
      "price_unit": "l",
      "discount_tag": "1+1 gratis",
      "promo_title": "Unox soep in zak",
      "validity": "za 27 t/m wo 31 dec",
      "image_url": "https://www.jumbo.com/dam-images/fit-in/360x360/Products/11112025_1762829205430_1762829243556_300834_ZK_08717163896303_H1N1.png",
      "source_url": "https://www.jumbo.com/aanbiedingen/unox-soep-in-zak/3012665"
    },
    {
      "id": "575260ZK",
      "name": "Unox Extra Rijkgevuld Soep In Zak Tomaten Kikkererwten 570 ml",
      "brand": "Unox",
      "category": "Conserven, soepen, sauzen, oliën",
      "unit_size": "570 ml",
      "offer_price": 5.19,
      "normal_price": 5.19,
      "price_per_unit": 9.11,
      "price_unit": "l",
      "discount_tag": "1+1 gratis",
      "promo_title": "Unox soep in zak",
      "validity": "za 27 t/m wo 31 dec",
      "image_url": "https://www.jumbo.com/dam-images/fit-in/360x360/Products/15122025_1765764386662_1765764412586_575260_ZK_08720182658890_H1N1.png",
      "source_url": "https://www.jumbo.com/aanbiedingen/unox-soep-in-zak/3012665"
    },
    {
      "id": "575265ZK",
      "name": "Unox Extra Rijkgevuld Soep In Zak Indiase Curry 570 ml",
      "brand": "Unox",
      "category": "Conserven, soepen, sauzen, oliën",
      "unit_size": "570 ml",
      "offer_price": 4.99,
      "normal_price": 4.99,
      "price_per_unit": 8.75,
      "price_unit": "l",
      "discount_tag": "1+1 gratis",
      "promo_title": "Unox soep in zak",
      "validity": "za 27 t/m wo 31 dec",
      "image_url": "https://www.jumbo.com/dam-images/fit-in/360x360/Products/18122024_1734492801503_1734492818300_575265_ZK_08720182660442_C1N1.png",
      "source_url": "https://www.jumbo.com/aanbiedingen/unox-soep-in-zak/3012665"
    },
    {
      "id": "575253ZK",
      "name": "Unox Extra Rijkgevuld Soep In Zak Hongaarse Goulash 570 ml",
      "brand": "Unox",
      "category": "Conserven, soepen, sauzen, oliën",
      "unit_size": "570 ml",
      "offer_price": 4.95,
      "normal_price": 4.95,
      "price_per_unit": 8.68,
      "price_unit": "l",
      "discount_tag": "1+1 gratis",
      "promo_title": "Unox soep in zak",
      "validity": "za 27 t/m wo 31 dec",
      "image_url": "https://www.jumbo.com/dam-images/fit-in/360x360/Products/26032024_1711421936142_1711421973643_575253_ZK_08720182656773_H1N1.png",
      "source_url": "https://www.jumbo.com/aanbiedingen/unox-soep-in-zak/3012665"
    },
    {
      "id": "358680ZK",
      "name": "Unox Smaakfavoriet Soep In Zak Chinese Tomaten 570 ml",
      "brand": "Unox",
      "category": "Conserven, soepen, sauzen, oliën",
      "unit_size": "570 ml",
      "offer_price": 3.69,
      "normal_price": 3.69,
      "price_per_unit": 6.47,
      "price_unit": "l",
      "discount_tag": "1+1 gratis",
      "promo_title": "Unox soep in zak",
      "validity": "za 27 t/m wo 31 dec",
      "image_url": "https://www.jumbo.com/dam-images/fit-in/360x360/Products/10122025_1765335275889_1765335316979_358680_ZK_08710604785990_H1N1.png",
      "source_url": "https://www.jumbo.com/aanbiedingen/unox-soep-in-zak/3012665"
    },
    {
      "id": "202152STK",
      "name": "Unox Smaakfavoriet Soep In Zak Klassieke Ossenstaart 570 ml",
      "brand": "Unox",
      "category": "Conserven, soepen, sauzen, oliën",
      "unit_size": "570 ml",
      "offer_price": 4.99,
      "normal_price": 4.99,
      "price_per_unit": 8.75,
      "price_unit": "l",
      "discount_tag": "1+1 gratis",
      "promo_title": "Unox soep in zak",
      "validity": "za 27 t/m wo 31 dec",
      "image_url": "https://www.jumbo.com/dam-images/fit-in/360x360/Products/12012024_1705025218105_1705025235729_202152_STK_08712423010444_C1N1.png",
      "source_url": "https://www.jumbo.com/aanbiedingen/unox-soep-in-zak/3012665"
    },
    {
      "id": "300836ZK",
      "name": "Unox Smaakfavoriet Soep In Zak Romige Mosterd 570 ml",
      "brand": "Unox",
      "category": "Conserven, soepen, sauzen, oliën",
      "unit_size": "570 ml",
      "offer_price": 4.65,
      "normal_price": 4.65,
      "price_per_unit": 8.16,
      "price_unit": "l",
      "discount_tag": "1+1 gratis",
      "promo_title": "Unox soep in zak",
      "validity": "za 27 t/m wo 31 dec",
      "image_url": "https://www.jumbo.com/dam-images/fit-in/360x360/Products/01122025_1764560229821_1764560237802_300836_ZK_08717163926758_H1N1.png",
      "source_url": "https://www.jumbo.com/aanbiedingen/unox-soep-in-zak/3012665"
    },
    {
      "id": "448026ZK",
      "name": "Unox Biologische Soep Biologische Pompoen 570 ml",
      "brand": "Unox",
      "category": "Conserven, soepen, sauzen, oliën",
      "unit_size": "570 ml",
      "offer_price": 5.19,
      "normal_price": 5.19,
      "price_per_unit": 9.11,
      "price_unit": "l",
      "discount_tag": "1+1 gratis",
      "promo_title": "Unox soep in zak",
      "validity": "za 27 t/m wo 31 dec",
      "image_url": "https://www.jumbo.com/dam-images/fit-in/360x360/Products/29082025_1756429489134_1756429520015_448026_ZK_08720182123213_C1N1.png",
      "source_url": "https://www.jumbo.com/aanbiedingen/unox-soep-in-zak/3012665"
    },
    {
      "id": "300832STK",
      "name": "Unox Smaakfavoriet Soep In Zak Romige Kippen 570 ml",
      "brand": "Unox",
      "category": "Conserven, soepen, sauzen, oliën",
      "unit_size": "570 ml",
      "offer_price": 4.99,
      "normal_price": 4.99,
      "price_per_unit": 8.75,
      "price_unit": "l",
      "discount_tag": "1+1 gratis",
      "promo_title": "Unox soep in zak",
      "validity": "za 27 t/m wo 31 dec",
      "image_url": "https://www.jumbo.com/dam-images/fit-in/360x360/Products/11012024_1704942819210_1704942845762_300832_STK_08717163889404_C1N1.png",
      "source_url": "https://www.jumbo.com/aanbiedingen/unox-soep-in-zak/3012665"
    },
    {
      "id": "718874STK",
      "name": "Unox Zoete Aardappelsoep 570ML",
      "brand": "Unox",
      "category": "Conserven, soepen, sauzen, oliën",
      "unit_size": null,
      "offer_price": 4.69,
      "normal_price": 4.69,
      "price_per_unit": 8.23,
      "price_unit": "l",
      "discount_tag": "1+1 gratis",
      "promo_title": "Unox soep in zak",
      "validity": "za 27 t/m wo 31 dec",
      "image_url": "https://www.jumbo.com/dam-images/fit-in/360x360/Products/26092025_1758853262739_1758853287867_718874_STK_08721317724114_H1N1.png",
      "source_url": "https://www.jumbo.com/aanbiedingen/unox-soep-in-zak/3012665"
    },
    {
      "id": "300751STK",
      "name": "Unox Romige Pompoen Soep met Natuurlijke Ingrediënten 570 ml",
      "brand": "Unox",
      "category": "Conserven, soepen, sauzen, oliën",
      "unit_size": "570 ml",
      "offer_price": 4.99,
      "normal_price": 4.99,
      "price_per_unit": 8.75,
      "price_unit": "l",
      "discount_tag": "1+1 gratis",
      "promo_title": "Unox soep in zak",
      "validity": "za 27 t/m wo 31 dec",
      "image_url": "https://www.jumbo.com/dam-images/fit-in/360x360/Products/15122025_1765764110339_1765764118127_300751_STK_08717163850053_H1N1.png",
      "source_url": "https://www.jumbo.com/aanbiedingen/unox-soep-in-zak/3012665"
    },
    {
      "id": "358683ZK",
      "name": "Unox Smaakfavoriet Soep In Zak Vegetarische Tomaten 570 ml",
      "brand": "Unox",
      "category": "Conserven, soepen, sauzen, oliën",
      "unit_size": "570 ml",
      "offer_price": 4.99,
      "normal_price": 4.99,
      "price_per_unit": 8.75,
      "price_unit": "l",
      "discount_tag": "1+1 gratis",
      "promo_title": "Unox soep in zak",
      "validity": "za 27 t/m wo 31 dec",
      "image_url": "https://www.jumbo.com/dam-images/fit-in/360x360/Products/11012024_1704940455943_1704940497273_358683_ZK_08710604786010_C1N1.png",
      "source_url": "https://www.jumbo.com/aanbiedingen/unox-soep-in-zak/3012665"
    },
    {
      "id": "448046ZK",
      "name": "Unox Smaakfavoriet Soep in Zak Vegetarische Kippen 570 ml",
      "brand": "Unox",
      "category": "Conserven, soepen, sauzen, oliën",
      "unit_size": "570 ml",
      "offer_price": 4.99,
      "normal_price": 4.99,
      "price_per_unit": 8.75,
      "price_unit": "l",
      "discount_tag": "1+1 gratis",
      "promo_title": "Unox soep in zak",
      "validity": "za 27 t/m wo 31 dec",
      "image_url": "https://www.jumbo.com/dam-images/fit-in/360x360/Products/17052025_1747449456546_1747449498518_448046_ZK_08720182108142_H1N1.png",
      "source_url": "https://www.jumbo.com/aanbiedingen/unox-soep-in-zak/3012665"
    },
    {
      "id": "583112ZK",
      "name": "Unox Extra Rijkgevuld Soep In Zak Paprika Tomaten 570 ml",
      "brand": "Unox",
      "category": "Conserven, soepen, sauzen, oliën",
      "unit_size": "570 ml",
      "offer_price": 4.99,
      "normal_price": 4.99,
      "price_per_unit": 8.75,
      "price_unit": "l",
      "discount_tag": "1+1 gratis",
      "promo_title": "Unox soep in zak",
      "validity": "za 27 t/m wo 31 dec",
      "image_url": "https://www.jumbo.com/dam-images/fit-in/360x360/Products/29032025_1743222057443_1743222084927_583112_ZK_08720182646309_H1N1.png",
      "source_url": "https://www.jumbo.com/aanbiedingen/unox-soep-in-zak/3012665"
    },
    {
      "id": "300813STK",
      "name": "Unox Soep In Zak Heldere Kippensoep",
      "brand": "Unox",
      "category": "Conserven, soepen, sauzen, oliën",
      "unit_size": null,
      "offer_price": 3.69,
      "normal_price": 3.69,
      "price_per_unit": 6.47,
      "price_unit": "l",
      "discount_tag": "1+1 gratis",
      "promo_title": "Unox soep in zak",
      "validity": "za 27 t/m wo 31 dec",
      "image_url": "https://www.jumbo.com/dam-images/fit-in/360x360/Products/17122025_1765941288061_1765941295916_300813_STK_08717163850015_H1N1.png",
      "source_url": "https://www.jumbo.com/aanbiedingen/unox-soep-in-zak/3012665"
    },
    {
      "id": "300856STK",
      "name": "Unox Smaakfavoriet Soep in Zak Heldere Groente 570 ml",
      "brand": "Unox",
      "category": "Conserven, soepen, sauzen, oliën",
      "unit_size": "570 ml",
      "offer_price": 4.65,
      "normal_price": 4.65,
      "price_per_unit": 8.16,
      "price_unit": "l",
      "discount_tag": "1+1 gratis",
      "promo_title": "Unox soep in zak",
      "validity": "za 27 t/m wo 31 dec",
      "image_url": "https://www.jumbo.com/dam-images/fit-in/360x360/Products/17122025_1765939914672_1765939957017_300856_STK_08717163889381_H1N1.png",
      "source_url": "https://www.jumbo.com/aanbiedingen/unox-soep-in-zak/3012665"
    },
    {
      "id": "300752ZK",
      "name": "Unox Smaakfavoriet Soep In Zak Klassieke Tomaten 570 ml",
      "brand": "Unox",
      "category": "Conserven, soepen, sauzen, oliën",
      "unit_size": "570 ml",
      "offer_price": 4.99,
      "normal_price": 4.99,
      "price_per_unit": 8.75,
      "price_unit": "l",
      "discount_tag": "1+1 gratis",
      "promo_title": "Unox soep in zak",
      "validity": "za 27 t/m wo 31 dec",
      "image_url": "https://www.jumbo.com/dam-images/fit-in/360x360/Products/17122025_1765939471669_1765939511460_300752_ZK_08717163850060_H1N1.png",
      "source_url": "https://www.jumbo.com/aanbiedingen/unox-soep-in-zak/3012665"
    },
    {
      "id": "358682ZK",
      "name": "Unox Smaakfavoriet Soep In Zak Kruidige Tomaten 570 ml",
      "brand": "Unox",
      "category": "Conserven, soepen, sauzen, oliën",
      "unit_size": "570 ml",
      "offer_price": 4.99,
      "normal_price": 4.99,
      "price_per_unit": 8.75,
      "price_unit": "l",
      "discount_tag": "1+1 gratis",
      "promo_title": "Unox soep in zak",
      "validity": "za 27 t/m wo 31 dec",
      "image_url": "https://www.jumbo.com/dam-images/fit-in/360x360/Products/11112025_1762830074989_1762830112635_358682_ZK_08710604786003_C1N1.png",
      "source_url": "https://www.jumbo.com/aanbiedingen/unox-soep-in-zak/3012665"
    },
    {
      "id": "358684ZK",
      "name": "Unox Smaakfavoriet Soep In Zak Tomaat Groente 570 ml",
      "brand": "Unox",
      "category": "Conserven, soepen, sauzen, oliën",
      "unit_size": "570 ml",
      "offer_price": 4.65,
      "normal_price": 4.65,
      "price_per_unit": 8.16,
      "price_unit": "l",
      "discount_tag": "1+1 gratis",
      "promo_title": "Unox soep in zak",
      "validity": "za 27 t/m wo 31 dec",
      "image_url": "https://www.jumbo.com/dam-images/fit-in/360x360/Products/15122025_1765765127610_1765765154341_358684_ZK_08710604786034_H1N1.png",
      "source_url": "https://www.jumbo.com/aanbiedingen/unox-soep-in-zak/3012665"
    },
    {
      "id": "575254ZK",
      "name": "Unox Extra Rijkgevuld Soep In Zak Hollandse Erwten 570 ml",
      "brand": "Unox",
      "category": "Conserven, soepen, sauzen, oliën",
      "unit_size": "570 ml",
      "offer_price": 3.69,
      "normal_price": 3.69,
      "price_per_unit": 6.47,
      "price_unit": "l",
      "discount_tag": "1+1 gratis",
      "promo_title": "Unox soep in zak",
      "validity": "za 27 t/m wo 31 dec",
      "image_url": "https://www.jumbo.com/dam-images/fit-in/360x360/Products/17122025_1765936938285_1765936947750_575254_ZK_08720182643124_H1N1.png",
      "source_url": "https://www.jumbo.com/aanbiedingen/unox-soep-in-zak/3012665"
    },
    {
      "id": "300810ZK",
      "name": "Unox Smaakfavoriet Soep in Zak Hollandse Asperge 570 ml",
      "brand": "Unox",
      "category": "Conserven, soepen, sauzen, oliën",
      "unit_size": "570 ml",
      "offer_price": 4.65,
      "normal_price": 4.65,
      "price_per_unit": 8.16,
      "price_unit": "l",
      "discount_tag": "1+1 gratis",
      "promo_title": "Unox soep in zak",
      "validity": "za 27 t/m wo 31 dec",
      "image_url": "https://www.jumbo.com/dam-images/fit-in/360x360/Products/01122025_1764560837253_1764560843529_300810_ZK_08717163795552_H1N1.png",
      "source_url": "https://www.jumbo.com/aanbiedingen/unox-soep-in-zak/3012665"
    },
    {
      "id": "196113ZK",
      "name": "Jumbo Wortelen 1 kg",
      "brand": "Jumbo",
      "category": "Aardappelen, groente en fruit",
      "unit_size": null,
      "offer_price": 1.05,
      "normal_price": 1.05,
      "price_per_unit": 1.05,
      "price_unit": "kg",
      "discount_tag": "2 voor 1,50",
      "promo_title": "Uien of wortelen",
      "validity": "za 27 t/m wo 31 dec",
      "image_url": "https://www.jumbo.com/dam-images/fit-in/360x360/Products/18092023_1695031625445_1695031631500_8718452265732_1.png",
      "source_url": "https://www.jumbo.com/aanbiedingen/uien-of-wortelen/3014126"
    },
    {
      "id": "213007NET",
      "name": "Jumbo Uien 1 kg",
      "brand": "Jumbo",
      "category": "Aardappelen, groente en fruit",
      "unit_size": "1 KILO",
      "offer_price": 0.99,
      "normal_price": 0.99,
      "price_per_unit": 0.99,
      "price_unit": "kg",
      "discount_tag": "2 voor 1,50",
      "promo_title": "Uien of wortelen",
      "validity": "za 27 t/m wo 31 dec",
      "image_url": "https://www.jumbo.com/dam-images/fit-in/360x360/Products/09082023_1691585249827_1691585268134_8711715871503_1.png",
      "source_url": "https://www.jumbo.com/aanbiedingen/uien-of-wortelen/3014126"
    },
    {
      "id": "578141FLS",
      "name": "Heinz Tomato Ketchup 50% Minder Suikers en Zout 400 ml",
      "brand": "Heinz",
      "category": "Conserven, soepen, sauzen, oliën",
      "unit_size": null,
      "offer_price": 3.39,
      "normal_price": 3.39,
      "price_per_unit": 8.48,
      "price_unit": "l",
      "discount_tag": "2 voor 4,00",
      "promo_title": "Heinz of Wijko",
      "validity": "za 27 t/m wo 31 dec",
      "image_url": "https://www.jumbo.com/dam-images/fit-in/360x360/Products/19112025_1763533163373_1763533168588_578141_FLS_08715700122014_H1N1.png",
      "source_url": "https://www.jumbo.com/aanbiedingen/heinz-of-wijko/3012681"
    },
    {
      "id": "179571STK",
      "name": "Heinz Mayonaise Original 400 ml",
      "brand": "Heinz",
      "category": "Conserven, soepen, sauzen, oliën",
      "unit_size": null,
      "offer_price": 3.69,
      "normal_price": 3.69,
      "price_per_unit": 9.23,
      "price_unit": "l",
      "discount_tag": "2 voor 4,00",
      "promo_title": "Heinz of Wijko",
      "validity": "za 27 t/m wo 31 dec",
      "image_url": "https://www.jumbo.com/dam-images/fit-in/360x360/Products/02082025_1754097895864_1754097900360_179571_STK_08715700115351_H1N1.png",
      "source_url": "https://www.jumbo.com/aanbiedingen/heinz-of-wijko/3012681"
    },
    {
      "id": "703333FLS",
      "name": "Heinz Tomato Ketchup Sweet Sriracha 400 ml",
      "brand": "Heinz",
      "category": "Conserven, soepen, sauzen, oliën",
      "unit_size": null,
      "offer_price": 3.19,
      "normal_price": 3.19,
      "price_per_unit": 7.98,
      "price_unit": "l",
      "discount_tag": "2 voor 4,00",
      "promo_title": "Heinz of Wijko",
      "validity": "za 27 t/m wo 31 dec",
      "image_url": "https://www.jumbo.com/dam-images/fit-in/360x360/Products/26062025_1750905035537_1750905038975_703333_FLS_08715700128658_C1N1.png",
      "source_url": "https://www.jumbo.com/aanbiedingen/heinz-of-wijko/3012681"
    },
    {
      "id": "563530BAK",
      "name": "Wijko Satésaus Kant en Klaar 270 g",
      "brand": "Wijko",
      "category": "Conserven, soepen, sauzen, oliën",
      "unit_size": null,
      "offer_price": 2.39,
      "normal_price": 2.39,
      "price_per_unit": 8.85,
      "price_unit": "kg",
      "discount_tag": "2 voor 4,00",
      "promo_title": "Heinz of Wijko",
      "validity": "za 27 t/m wo 31 dec",
      "image_url": "https://www.jumbo.com/dam-images/fit-in/360x360/Products/20122024_1734671839967_1734671849490_563530_BAK_08718053070803_H1N1.png",
      "source_url": "https://www.jumbo.com/aanbiedingen/heinz-of-wijko/3012681"
    },
    {
      "id": "563531BAK",
      "name": "Wijko Satesaus Kant en Klaar 520 g",
      "brand": "Wijko",
      "category": "Conserven, soepen, sauzen, oliën",
      "unit_size": null,
      "offer_price": 3.69,
      "normal_price": 3.69,
      "price_per_unit": 7.1,
      "price_unit": "kg",
      "discount_tag": "2 voor 4,00",
      "promo_title": "Heinz of Wijko",
      "validity": "za 27 t/m wo 31 dec",
      "image_url": "https://www.jumbo.com/dam-images/fit-in/360x360/Products/07112025_1762487746622_1762487756239_563531_BAK_08718053070810_H1N1.png",
      "source_url": "https://www.jumbo.com/aanbiedingen/heinz-of-wijko/3012681"
    },
    {
      "id": "703334FLS",
      "name": "Heinz Tomato Ketchup Pickle Flavour 400 ml",
      "brand": "Heinz",
      "category": "Conserven, soepen, sauzen, oliën",
      "unit_size": null,
      "offer_price": 3.19,
      "normal_price": 3.19,
      "price_per_unit": 7.01,
      "price_unit": "kg",
      "discount_tag": "2 voor 4,00",
      "promo_title": "Heinz of Wijko",
      "validity": "za 27 t/m wo 31 dec",
      "image_url": "https://www.jumbo.com/dam-images/fit-in/360x360/Products/25102025_1761356516470_1761356522398_703334_FLS_08715700128665_H1N1.png",
      "source_url": "https://www.jumbo.com/aanbiedingen/heinz-of-wijko/3012681"
    },
    {
      "id": "79864ZK",
      "name": "Wijko Satésaus ketjap kant en klaar 250 g",
      "brand": "Wijko",
      "category": "Conserven, soepen, sauzen, oliën",
      "unit_size": null,
      "offer_price": 2.69,
      "normal_price": 2.69,
      "price_per_unit": 10.76,
      "price_unit": "kg",
      "discount_tag": "2 voor 4,00",
      "promo_title": "Heinz of Wijko",
      "validity": "za 27 t/m wo 31 dec",
      "image_url": "https://www.jumbo.com/dam-images/fit-in/360x360/Products/02102024_1727835356310_1727835361602_79864_ZK_08718053070285_H1N1.png",
      "source_url": "https://www.jumbo.com/aanbiedingen/heinz-of-wijko/3012681"
    },
    {
      "id": "510228FLS",
      "name": "Heinz Tomaten Ketchup Zero 400 ml",
      "brand": "Heinz",
      "category": "Conserven, soepen, sauzen, oliën",
      "unit_size": null,
      "offer_price": 3.29,
      "normal_price": 3.29,
      "price_per_unit": 7.74,
      "price_unit": "kg",
      "discount_tag": "2 voor 4,00",
      "promo_title": "Heinz of Wijko",
      "validity": "za 27 t/m wo 31 dec",
      "image_url": "https://www.jumbo.com/dam-images/fit-in/360x360/Products/19112025_1763521679675_1763521682237_510228_FLS_08715700122151_A1N1.png",
      "source_url": "https://www.jumbo.com/aanbiedingen/heinz-of-wijko/3012681"
    },
    {
      "id": "174288FLS",
      "name": "Heinz Classic BBQ Saus 400 ml",
      "brand": "Heinz",
      "category": "Conserven, soepen, sauzen, oliën",
      "unit_size": null,
      "offer_price": 3.39,
      "normal_price": 3.39,
      "price_per_unit": 7.06,
      "price_unit": "kg",
      "discount_tag": "2 voor 4,00",
      "promo_title": "Heinz of Wijko",
      "validity": "za 27 t/m wo 31 dec",
      "image_url": "https://www.jumbo.com/dam-images/fit-in/360x360/Products/07082025_1754532265500_1754532269114_174288_FLS_00000087157154_H1N1.png",
      "source_url": "https://www.jumbo.com/aanbiedingen/heinz-of-wijko/3012681"
    },
    {
      "id": "578834FLS",
      "name": "Heinz Tomaten Ketchup 400ml",
      "brand": "Heinz",
      "category": "Conserven, soepen, sauzen, oliën",
      "unit_size": null,
      "offer_price": 2.89,
      "normal_price": 2.89,
      "price_per_unit": 7.23,
      "price_unit": "l",
      "discount_tag": "2 voor 4,00",
      "promo_title": "Heinz of Wijko",
      "validity": "za 27 t/m wo 31 dec",
      "image_url": "https://www.jumbo.com/dam-images/fit-in/360x360/Products/19112025_1763560162262_1763560164300_578834_FLS_08715700124728_H1N1.png",
      "source_url": "https://www.jumbo.com/aanbiedingen/heinz-of-wijko/3012681"
    },
    {
      "id": "563533BAK",
      "name": "Wijko Satésaus Geconcentreerd 250 g",
      "brand": "Wijko",
      "category": "Conserven, soepen, sauzen, oliën",
      "unit_size": null,
      "offer_price": 2.19,
      "normal_price": 2.19,
      "price_per_unit": 8.76,
      "price_unit": "kg",
      "discount_tag": "2 voor 4,00",
      "promo_title": "Heinz of Wijko",
      "validity": "za 27 t/m wo 31 dec",
      "image_url": "https://www.jumbo.com/dam-images/fit-in/360x360/Products/22082024_1724297219948_1724297228940_563533_BAK_08718053070827_H1N1.png",
      "source_url": "https://www.jumbo.com/aanbiedingen/heinz-of-wijko/3012681"
    },
    {
      "id": "613219FLS",
      "name": "Heinz Mayomix Mayo Ketchup Saus 415 ml",
      "brand": "Heinz",
      "category": "Conserven, soepen, sauzen, oliën",
      "unit_size": null,
      "offer_price": 2.99,
      "normal_price": 2.99,
      "price_per_unit": 7.2,
      "price_unit": "l",
      "discount_tag": "2 voor 4,00",
      "promo_title": "Heinz of Wijko",
      "validity": "za 27 t/m wo 31 dec",
      "image_url": "https://www.jumbo.com/dam-images/fit-in/360x360/Products/13112025_1763001849479_1763001855878_613219_FLS_08715700126111_H1N1.png",
      "source_url": "https://www.jumbo.com/aanbiedingen/heinz-of-wijko/3012681"
    },
    {
      "id": "563535BAK",
      "name": "Wijko Satésaus Geconcentreerd 540 g",
      "brand": "Wijko",
      "category": "Conserven, soepen, sauzen, oliën",
      "unit_size": null,
      "offer_price": 3.99,
      "normal_price": 3.99,
      "price_per_unit": 7.39,
      "price_unit": "kg",
      "discount_tag": "2 voor 4,00",
      "promo_title": "Heinz of Wijko",
      "validity": "za 27 t/m wo 31 dec",
      "image_url": "https://www.jumbo.com/dam-images/fit-in/360x360/Products/19112025_1763540958310_1763540966371_563535_BAK_08718053070834_H1N1.png",
      "source_url": "https://www.jumbo.com/aanbiedingen/heinz-of-wijko/3012681"
    },
    {
      "id": "563534BAK",
      "name": "Wijko Satésaus Hot Kant en Klaar 520 g",
      "brand": "Wijko",
      "category": "Conserven, soepen, sauzen, oliën",
      "unit_size": null,
      "offer_price": 3.69,
      "normal_price": 3.69,
      "price_per_unit": 7.1,
      "price_unit": "kg",
      "discount_tag": "2 voor 4,00",
      "promo_title": "Heinz of Wijko",
      "validity": "za 27 t/m wo 31 dec",
      "image_url": "https://www.jumbo.com/dam-images/fit-in/360x360/Products/19112025_1763541012730_1763541017218_563534_BAK_08718053070865_C1N1.png",
      "source_url": "https://www.jumbo.com/aanbiedingen/heinz-of-wijko/3012681"
    },
    {
      "id": "712604FLS",
      "name": "Heinz Curry Gewurz Ketchup Classic 400 ml",
      "brand": "Heinz",
      "category": "Conserven, soepen, sauzen, oliën",
      "unit_size": null,
      "offer_price": 2.99,
      "normal_price": 2.99,
      "price_per_unit": 7.48,
      "price_unit": "l",
      "discount_tag": "2 voor 4,00",
      "promo_title": "Heinz of Wijko",
      "validity": "za 27 t/m wo 31 dec",
      "image_url": "https://www.jumbo.com/dam-images/fit-in/360x360/Products/05082025_1754395606342_1754395609159_712604_FLS_08715700128580_C1N1.png",
      "source_url": "https://www.jumbo.com/aanbiedingen/heinz-of-wijko/3012681"
    },
    {
      "id": "79860ZK",
      "name": "Wijko Satésaus Kruidig Kant en Klaar 250 g",
      "brand": "Wijko",
      "category": "Conserven, soepen, sauzen, oliën",
      "unit_size": null,
      "offer_price": 2.59,
      "normal_price": 2.59,
      "price_per_unit": 10.36,
      "price_unit": "kg",
      "discount_tag": "2 voor 4,00",
      "promo_title": "Heinz of Wijko",
      "validity": "za 27 t/m wo 31 dec",
      "image_url": "https://www.jumbo.com/dam-images/fit-in/360x360/Products/17042025_1744858362066_1744858369836_79860_ZK_08718053070322_H1N1.png",
      "source_url": "https://www.jumbo.com/aanbiedingen/heinz-of-wijko/3012681"
    },
    {
      "id": "536751BLK",
      "name": "Jopen - Nonnetje IPA Alcoholvrij 0.3% - Blik - 330ML",
      "brand": "Jopen",
      "category": "Bier en wijn",
      "unit_size": "330 ML",
      "offer_price": 2.59,
      "normal_price": 2.59,
      "price_per_unit": 7.85,
      "price_unit": "l",
      "discount_tag": "€ 4,00 bezorgkorting",
      "promo_title": "Alle alcoholvrije bieren",
      "validity": "za 27 t/m wo 31 dec",
      "image_url": "https://www.jumbo.com/dam-images/fit-in/360x360/Products/31102023_1698719218174_1698719219444_536751_BLK_08714799302000_C1N1.png",
      "source_url": "https://www.jumbo.com/aanbiedingen/alle-alcoholvrije-bieren/3012676"
    },
    {
      "id": "632643BLK",
      "name": "Jopen - Wit - Craft Beer - <0.5% Alcoholvrij - Blik - 330ML",
      "brand": "Jopen",
      "category": "Bier en wijn",
      "unit_size": "330 ML",
      "offer_price": 2.39,
      "normal_price": 2.39,
      "price_per_unit": 7.24,
      "price_unit": "l",
      "discount_tag": "€ 4,00 bezorgkorting",
      "promo_title": "Alle alcoholvrije bieren",
      "validity": "za 27 t/m wo 31 dec",
      "image_url": "https://www.jumbo.com/dam-images/fit-in/360x360/Products/27062024_1719484372114_1719484378089_8714799302147_1.png",
      "source_url": "https://www.jumbo.com/aanbiedingen/alle-alcoholvrije-bieren/3012676"
    },
    {
      "id": "702645FLS",
      "name": "Erdinger Weissbier 0,4% 500ML",
      "brand": "Erdinger",
      "category": "Bier en wijn",
      "unit_size": null,
      "offer_price": 1.99,
      "normal_price": 1.99,
      "price_per_unit": 3.98,
      "price_unit": "l",
      "discount_tag": "€ 4,00 bezorgkorting",
      "promo_title": "Alle alcoholvrije bieren",
      "validity": "za 27 t/m wo 31 dec",
      "image_url": "https://www.jumbo.com/dam-images/fit-in/360x360/Products/20092025_1758335663892_1758335668563_702645_FLS_04002103019107_C1N1.png",
      "source_url": "https://www.jumbo.com/aanbiedingen/alle-alcoholvrije-bieren/3012676"
    },
    {
      "id": "508406PAK",
      "name": "Grolsch - Weizen - 0.0% Alcoholvrij - Fles - 6 x 300ML",
      "brand": "Grolsch",
      "category": "Bier en wijn",
      "unit_size": null,
      "offer_price": 6.49,
      "normal_price": 6.49,
      "price_per_unit": 3.61,
      "price_unit": "l",
      "discount_tag": "€ 4,00 bezorgkorting",
      "promo_title": "Alle alcoholvrije bieren",
      "validity": "za 27 t/m wo 31 dec",
      "image_url": "https://www.jumbo.com/dam-images/fit-in/360x360/Products/08716700017584H1N1cca71f03-c91a-46f3-a55c-b48fc7806e91-1758097053137.png",
      "source_url": "https://www.jumbo.com/aanbiedingen/alle-alcoholvrije-bieren/3012676"
    },
    {
      "id": "476043DS",
      "name": "Corona - Cero - 0.0% Alcoholvrij - Fles - 6 x 330ML",
      "brand": "Corona",
      "category": "Bier en wijn",
      "unit_size": null,
      "offer_price": 8.99,
      "normal_price": 8.99,
      "price_per_unit": 4.54,
      "price_unit": "l",
      "discount_tag": "€ 4,00 bezorgkorting",
      "promo_title": "Alle alcoholvrije bieren",
      "validity": "za 27 t/m wo 31 dec",
      "image_url": "https://www.jumbo.com/dam-images/fit-in/360x360/Products/Simplification25CORCeroPackBot6x33clORI2D269f31f3-bdfc-4ec8-9fce-c50ab4eeec9f-1723473837335.png",
      "source_url": "https://www.jumbo.com/aanbiedingen/alle-alcoholvrije-bieren/3012676"
    },
    {
      "id": "536540DS",
      "name": "Affligem Blond 0.0 Bier Blik 6 x 330ml",
      "brand": "Affligem",
      "category": "Bier en wijn",
      "unit_size": "6 x 330 ml",
      "offer_price": 8.49,
      "normal_price": 8.49,
      "price_per_unit": 4.29,
      "price_unit": "l",
      "discount_tag": "€ 4,00 bezorgkorting",
      "promo_title": "Alle alcoholvrije bieren",
      "validity": "za 27 t/m wo 31 dec",
      "image_url": "https://www.jumbo.com/dam-images/fit-in/360x360/Products/22122025_1766403191844_1766403197132_8712000058661_1.png",
      "source_url": "https://www.jumbo.com/aanbiedingen/alle-alcoholvrije-bieren/3012676"
    },
    {
      "id": "583804BLK",
      "name": "VandeStreek - Playground 0.4% Alcoholvrij IPA - Blik - 330ML",
      "brand": "Van de Streek",
      "category": "Bier en wijn",
      "unit_size": null,
      "offer_price": 2.09,
      "normal_price": 2.09,
      "price_per_unit": 6.33,
      "price_unit": "l",
      "discount_tag": "€ 4,00 bezorgkorting",
      "promo_title": "Alle alcoholvrije bieren",
      "validity": "za 27 t/m wo 31 dec",
      "image_url": "https://www.jumbo.com/dam-images/fit-in/360x360/Products/20092025_1758334363915_1758334365872_583804_BLK_08720153282772_A1N1.png",
      "source_url": "https://www.jumbo.com/aanbiedingen/alle-alcoholvrije-bieren/3012676"
    },
    {
      "id": "546719BLK",
      "name": "Guinness Draught Alcohol Free Stout 440 ml",
      "brand": "Guinness",
      "category": "Bier en wijn",
      "unit_size": "440 ml",
      "offer_price": 2.59,
      "normal_price": 2.59,
      "price_per_unit": 5.89,
      "price_unit": "l",
      "discount_tag": "€ 4,00 bezorgkorting",
      "promo_title": "Alle alcoholvrije bieren",
      "validity": "za 27 t/m wo 31 dec",
      "image_url": "https://www.jumbo.com/dam-images/fit-in/360x360/Products/08122023_1702004315860_1702004321219_546719_BLK_05000213024829_C1N1.png",
      "source_url": "https://www.jumbo.com/aanbiedingen/alle-alcoholvrije-bieren/3012676"
    },
    {
      "id": "584840PAK",
      "name": "Dors Premium Bier - Alcoholvrij 0.0%  - 6 x 300ML",
      "brand": "Dors",
      "category": "Bier en wijn",
      "unit_size": "6 x 30 cl",
      "offer_price": 2.49,
      "normal_price": 2.49,
      "price_per_unit": 1.38,
      "price_unit": "l",
      "discount_tag": "€ 4,00 bezorgkorting",
      "promo_title": "Alle alcoholvrije bieren",
      "validity": "za 27 t/m wo 31 dec",
      "image_url": "https://www.jumbo.com/dam-images/fit-in/360x360/Products/18062025_1750257313113_1750257317634_8718452765140_1.png",
      "source_url": "https://www.jumbo.com/aanbiedingen/alle-alcoholvrije-bieren/3012676"
    },
    {
      "id": "535669PAK",
      "name": "Hertog Jan Alcoholvrij Bier Blikken 6 x 33 cl",
      "brand": "Hertog Jan",
      "category": "Bier en wijn",
      "unit_size": "6 x 33 cl",
      "offer_price": 5.99,
      "normal_price": 5.99,
      "price_per_unit": 3.03,
      "price_unit": "l",
      "discount_tag": "€ 4,00 bezorgkorting",
      "promo_title": "Alle alcoholvrije bieren",
      "validity": "za 27 t/m wo 31 dec",
      "image_url": "https://www.jumbo.com/dam-images/fit-in/360x360/Products/12112025_1762968826031_1762968833234_8725000660161_1.png",
      "source_url": "https://www.jumbo.com/aanbiedingen/alle-alcoholvrije-bieren/3012676"
    },
    {
      "id": "181319PAK",
      "name": "Heineken Premium Pilsener 0.0 Bier Draaidop Fles 6 x 250ml",
      "brand": "Heineken",
      "category": "Bier en wijn",
      "unit_size": "6 x 25 cl",
      "offer_price": 6.99,
      "normal_price": 6.99,
      "price_per_unit": 4.66,
      "price_unit": "l",
      "discount_tag": "€ 4,00 bezorgkorting",
      "promo_title": "Alle alcoholvrije bieren",
      "validity": "za 27 t/m wo 31 dec",
      "image_url": "https://www.jumbo.com/dam-images/fit-in/360x360/Products/07012025_1736267692113_1736267697041_8712000050078_1.png",
      "source_url": "https://www.jumbo.com/aanbiedingen/alle-alcoholvrije-bieren/3012676"
    },
    {
      "id": "606438BLK",
      "name": "Uiltje - Bird Of Prey - 0,2% - Blik - 330ML",
      "brand": "Uiltje",
      "category": "Bier en wijn",
      "unit_size": null,
      "offer_price": 2.79,
      "normal_price": 2.79,
      "price_per_unit": 8.45,
      "price_unit": "l",
      "discount_tag": "€ 4,00 bezorgkorting",
      "promo_title": "Alle alcoholvrije bieren",
      "validity": "za 27 t/m wo 31 dec",
      "image_url": "https://www.jumbo.com/dam-images/fit-in/360x360/Products/05032024_1709626415086_1709626416822_606438_BLK_08720828308721_A1N1.png",
      "source_url": "https://www.jumbo.com/aanbiedingen/alle-alcoholvrije-bieren/3012676"
    },
    {
      "id": "361024PAK",
      "name": "Hertog Jan - 0.0% Alcoholvrij - Fles - 6 x 300ML",
      "brand": "Hertog Jan",
      "category": "Bier en wijn",
      "unit_size": null,
      "offer_price": 4.79,
      "normal_price": 4.79,
      "price_per_unit": 2.66,
      "price_unit": "l",
      "discount_tag": "€ 4,00 bezorgkorting",
      "promo_title": "Alle alcoholvrije bieren",
      "validity": "za 27 t/m wo 31 dec",
      "image_url": "https://www.jumbo.com/dam-images/fit-in/360x360/Products/21022025_1740111997376_1740112008014_361024_PAK_08725000654269_H1N1.png",
      "source_url": "https://www.jumbo.com/aanbiedingen/alle-alcoholvrije-bieren/3012676"
    },
    {
      "id": "702924BLK",
      "name": "Gebrouwen Door Vrouwen Bloesem Bluf 0,5% 330ML",
      "brand": "Gebrouwen door vrouwen",
      "category": "Bier en wijn",
      "unit_size": null,
      "offer_price": 2.39,
      "normal_price": 2.39,
      "price_per_unit": 7.24,
      "price_unit": "l",
      "discount_tag": "€ 4,00 bezorgkorting",
      "promo_title": "Alle alcoholvrije bieren",
      "validity": "za 27 t/m wo 31 dec",
      "image_url": "https://www.jumbo.com/dam-images/fit-in/360x360/Products/04062025_1749025681710_1749025685046_702924_BLK_08719689872274_A1N1.png",
      "source_url": "https://www.jumbo.com/aanbiedingen/alle-alcoholvrije-bieren/3012676"
    },
    {
      "id": "631894BLK",
      "name": "Two Chefs Brewing Funky Falcon 0.2% Non Alcoholic Pale Ale Blik 330 ml",
      "brand": "Two Chefs",
      "category": "Bier en wijn",
      "unit_size": "330 ml",
      "offer_price": 2.25,
      "normal_price": 2.25,
      "price_per_unit": 6.82,
      "price_unit": "l",
      "discount_tag": "€ 4,00 bezorgkorting",
      "promo_title": "Alle alcoholvrije bieren",
      "validity": "za 27 t/m wo 31 dec",
      "image_url": "https://www.jumbo.com/dam-images/fit-in/360x360/Products/01112024_1730460905265_1730460911420_8720726561297_1.png",
      "source_url": "https://www.jumbo.com/aanbiedingen/alle-alcoholvrije-bieren/3012676"
    },
    {
      "id": "604148DS",
      "name": "Peroni - Nastro Azzurro - 0,0% Alcoholvrij - Fles - 6 x 330ML",
      "brand": "Peroni",
      "category": "Bier en wijn",
      "unit_size": "6 x 330 ml",
      "offer_price": 6.29,
      "normal_price": 6.29,
      "price_per_unit": 3.18,
      "price_unit": "l",
      "discount_tag": "€ 4,00 bezorgkorting",
      "promo_title": "Alle alcoholvrije bieren",
      "validity": "za 27 t/m wo 31 dec",
      "image_url": "https://www.jumbo.com/dam-images/fit-in/360x360/Products/08594404023304H1N12d3393e3-4e57-4d5d-8bab-97c79a32f67a-1727790627004.png",
      "source_url": "https://www.jumbo.com/aanbiedingen/alle-alcoholvrije-bieren/3012676"
    },
    {
      "id": "539109PAK",
      "name": "Dors Premium Radler 0.0% - Blik - 6 x 330 ML",
      "brand": "Dors",
      "category": "Bier en wijn",
      "unit_size": "6 x 33 cl",
      "offer_price": 2.59,
      "normal_price": 2.59,
      "price_per_unit": 1.31,
      "price_unit": "l",
      "discount_tag": "€ 4,00 bezorgkorting",
      "promo_title": "Alle alcoholvrije bieren",
      "validity": "za 27 t/m wo 31 dec",
      "image_url": "https://www.jumbo.com/dam-images/fit-in/360x360/Products/14022024_1707873858098_1707873875600_8718452653690_596.png",
      "source_url": "https://www.jumbo.com/aanbiedingen/alle-alcoholvrije-bieren/3012676"
    },
    {
      "id": "584963FLS",
      "name": "Jever Fun - Pilsener Suikervrij & Alcoholvrij 0.5% - Fles - 330ML",
      "brand": "Jever",
      "category": "Bier en wijn",
      "unit_size": null,
      "offer_price": 1.14,
      "normal_price": 1.14,
      "price_per_unit": 3.45,
      "price_unit": "l",
      "discount_tag": "€ 4,00 bezorgkorting",
      "promo_title": "Alle alcoholvrije bieren",
      "validity": "za 27 t/m wo 31 dec",
      "image_url": "https://www.jumbo.com/dam-images/fit-in/360x360/Products/379139FLS1d6df23cb-b6d5-4bab-a9b8-88e67d135fac-1696583617748.png",
      "source_url": "https://www.jumbo.com/aanbiedingen/alle-alcoholvrije-bieren/3012676"
    },
    {
      "id": "709091FLS",
      "name": "Lowlander Tropical Ale Fles 330 ml",
      "brand": "Lowlander",
      "category": "Bier en wijn",
      "unit_size": null,
      "offer_price": 2.49,
      "normal_price": 2.49,
      "price_per_unit": 7.55,
      "price_unit": "l",
      "discount_tag": "€ 4,00 bezorgkorting",
      "promo_title": "Alle alcoholvrije bieren",
      "validity": "za 27 t/m wo 31 dec",
      "image_url": "https://www.jumbo.com/dam-images/fit-in/360x360/Products/01022025_1738383623837_1738383626955_669467_FLS_08719992646326_C1N1.png",
      "source_url": "https://www.jumbo.com/aanbiedingen/alle-alcoholvrije-bieren/3012676"
    },
    {
      "id": "669562KRT",
      "name": "Hertog Jan 0.0% Alcoholvrij Bier - Krat - 24 x 300ML",
      "brand": "Hertog Jan",
      "category": "Bier en wijn",
      "unit_size": null,
      "offer_price": 19.69,
      "normal_price": 19.69,
      "price_per_unit": 2.73,
      "price_unit": "l",
      "discount_tag": "€ 4,00 bezorgkorting",
      "promo_title": "Alle alcoholvrije bieren",
      "validity": "za 27 t/m wo 31 dec",
      "image_url": "https://www.jumbo.com/dam-images/fit-in/360x360/Products/HertogJan0-1742898386552.png",
      "source_url": "https://www.jumbo.com/aanbiedingen/alle-alcoholvrije-bieren/3012676"
    },
    {
      "id": "536520PAK",
      "name": "Bavaria - Wit Bier - 0.0% Alcoholvrij - Blik - 6 x 330ML",
      "brand": "Bavaria",
      "category": "Bier en wijn",
      "unit_size": null,
      "offer_price": 5.99,
      "normal_price": 5.99,
      "price_per_unit": 3.03,
      "price_unit": "l",
      "discount_tag": "€ 4,00 bezorgkorting",
      "promo_title": "Alle alcoholvrije bieren",
      "validity": "za 27 t/m wo 31 dec",
      "image_url": "https://www.jumbo.com/dam-images/fit-in/360x360/Products/08714800047005H1N1dc012532-5aa1-48a4-8a9f-16fc41d0cb83-1719313601478.png",
      "source_url": "https://www.jumbo.com/aanbiedingen/alle-alcoholvrije-bieren/3012676"
    },
    {
      "id": "539095BLK",
      "name": "BrewDog - Punk IPA Alcoholvrij 0.5% - Blik - 330ML",
      "brand": "Brewdog",
      "category": "Bier en wijn",
      "unit_size": null,
      "offer_price": 2.19,
      "normal_price": 2.19,
      "price_per_unit": 6.64,
      "price_unit": "l",
      "discount_tag": "€ 4,00 bezorgkorting",
      "promo_title": "Alle alcoholvrije bieren",
      "validity": "za 27 t/m wo 31 dec",
      "image_url": "https://www.jumbo.com/dam-images/fit-in/360x360/Products/25092025_1758765144165_1758765147492_539095_BLK_05056025421387_A1N1.png",
      "source_url": "https://www.jumbo.com/aanbiedingen/alle-alcoholvrije-bieren/3012676"
    },
    {
      "id": "168401PAK",
      "name": "Grolsch - Citroen Radler - 0.0% Alcoholvrij - Fles - 6 x 300ML",
      "brand": "Grolsch",
      "category": "Bier en wijn",
      "unit_size": null,
      "offer_price": 5.29,
      "normal_price": 5.29,
      "price_per_unit": 2.94,
      "price_unit": "l",
      "discount_tag": "€ 4,00 bezorgkorting",
      "promo_title": "Alle alcoholvrije bieren",
      "validity": "za 27 t/m wo 31 dec",
      "image_url": "https://www.jumbo.com/dam-images/fit-in/360x360/Products/08716700016860H1N171a2caf8-567b-44b5-828a-c6491c2b4421-1758096400984.png",
      "source_url": "https://www.jumbo.com/aanbiedingen/alle-alcoholvrije-bieren/3012676"
    },
    {
      "id": "638305FLS",
      "name": "Budels Witte Parel 0% Fles 300ML",
      "brand": "Budels",
      "category": "Bier en wijn",
      "unit_size": null,
      "offer_price": 1.89,
      "normal_price": 1.89,
      "price_per_unit": 5.73,
      "price_unit": "l",
      "discount_tag": "€ 4,00 bezorgkorting",
      "promo_title": "Alle alcoholvrije bieren",
      "validity": "za 27 t/m wo 31 dec",
      "image_url": "",
      "source_url": "https://www.jumbo.com/aanbiedingen/alle-alcoholvrije-bieren/3012676"
    },
    {
      "id": "610978FLS",
      "name": "La Trappe - Trappist Nillis - 0.0% Alcoholvrij - Fles - 330ML",
      "brand": "La trappe",
      "category": "Bier en wijn",
      "unit_size": "330 ml",
      "offer_price": 1.99,
      "normal_price": 1.99,
      "price_per_unit": 1.99,
      "price_unit": "l",
      "discount_tag": "€ 4,00 bezorgkorting",
      "promo_title": "Alle alcoholvrije bieren",
      "validity": "za 27 t/m wo 31 dec",
      "image_url": "https://www.jumbo.com/dam-images/fit-in/360x360/Products/10042024_1712745253521_1712745257311_8711406000069_1.png",
      "source_url": "https://www.jumbo.com/aanbiedingen/alle-alcoholvrije-bieren/3012676"
    },
    {
      "id": "202446PAK",
      "name": "Warsteiner - Alcoholvrij Radler <0.5% - Fles - 6 x 330ML",
      "brand": "Warsteiner",
      "category": "Bier en wijn",
      "unit_size": "6 x 0.33 l",
      "offer_price": 5.39,
      "normal_price": 5.39,
      "price_per_unit": 2.72,
      "price_unit": "l",
      "discount_tag": "€ 4,00 bezorgkorting",
      "promo_title": "Alle alcoholvrije bieren",
      "validity": "za 27 t/m wo 31 dec",
      "image_url": "https://www.jumbo.com/dam-images/fit-in/360x360/Products/09082023_1691587038945_1691587049103_4000856107133_1.png",
      "source_url": "https://www.jumbo.com/aanbiedingen/alle-alcoholvrije-bieren/3012676"
    },
    {
      "id": "382825PAK",
      "name": "Grolsch Herfstbier 0.0% 6x300ML",
      "brand": "Grolsch",
      "category": "Bier en wijn",
      "unit_size": null,
      "offer_price": 6.99,
      "normal_price": 6.99,
      "price_per_unit": 3.88,
      "price_unit": "l",
      "discount_tag": "€ 4,00 bezorgkorting",
      "promo_title": "Alle alcoholvrije bieren",
      "validity": "za 27 t/m wo 31 dec",
      "image_url": "https://www.jumbo.com/dam-images/fit-in/360x360/Products/08716700018246H1N114e357fc-f6d6-460f-be85-149861bb3dcc-1758098321075.png",
      "source_url": "https://www.jumbo.com/aanbiedingen/alle-alcoholvrije-bieren/3012676"
    },
    {
      "id": "683123DS",
      "name": "Bavaria 0.0% Fruity Rosé 6x330ML",
      "brand": "Bavaria",
      "category": "Bier en wijn",
      "unit_size": null,
      "offer_price": 6.25,
      "normal_price": 6.25,
      "price_per_unit": 3.16,
      "price_unit": "l",
      "discount_tag": "€ 4,00 bezorgkorting",
      "promo_title": "Alle alcoholvrije bieren",
      "validity": "za 27 t/m wo 31 dec",
      "image_url": "https://www.jumbo.com/dam-images/fit-in/360x360/Products/08714800051538C1N0c6b0d83c-00ee-4e46-a9ef-72ba526f188d-1749739425190.png",
      "source_url": "https://www.jumbo.com/aanbiedingen/alle-alcoholvrije-bieren/3012676"
    },
    {
      "id": "702646BLK",
      "name": "Frontaal Juice Punch 0,5% 330ML",
      "brand": "Frontaal",
      "category": "Bier en wijn",
      "unit_size": null,
      "offer_price": 2.69,
      "normal_price": 2.69,
      "price_per_unit": 8.15,
      "price_unit": "l",
      "discount_tag": "€ 4,00 bezorgkorting",
      "promo_title": "Alle alcoholvrije bieren",
      "validity": "za 27 t/m wo 31 dec",
      "image_url": "https://www.jumbo.com/dam-images/fit-in/360x360/Products/03062025_1748947943951_1748947947054_702646_BLK_08720828456804_C1N1.png",
      "source_url": "https://www.jumbo.com/aanbiedingen/alle-alcoholvrije-bieren/3012676"
    },
    {
      "id": "275061PAK",
      "name": "Leffe Belgisch Abdijbier Blond Flessen 6 x 30 cl",
      "brand": "Leffe",
      "category": "Bier en wijn",
      "unit_size": "6 x 30 cl",
      "offer_price": 6.65,
      "normal_price": 6.65,
      "price_per_unit": 3.69,
      "price_unit": "l",
      "discount_tag": "€ 4,00 bezorgkorting",
      "promo_title": "Alle alcoholvrije bieren",
      "validity": "za 27 t/m wo 31 dec",
      "image_url": "https://www.jumbo.com/dam-images/fit-in/360x360/Products/12122025_1765510385122_1765510390104_5410228261100_1.png",
      "source_url": "https://www.jumbo.com/aanbiedingen/alle-alcoholvrije-bieren/3012676"
    },
    {
      "id": "688240FLS",
      "name": "Jopen Nonnetje IPA Fles 330ML",
      "brand": "Jopen",
      "category": "Bier en wijn",
      "unit_size": "33 CL",
      "offer_price": 2.59,
      "normal_price": 2.59,
      "price_per_unit": 7.85,
      "price_unit": "l",
      "discount_tag": "€ 4,00 bezorgkorting",
      "promo_title": "Alle alcoholvrije bieren",
      "validity": "za 27 t/m wo 31 dec",
      "image_url": "https://www.jumbo.com/dam-images/fit-in/360x360/Products/25032025_1742931207436_1742931210681_8714799403967_1.png",
      "source_url": "https://www.jumbo.com/aanbiedingen/alle-alcoholvrije-bieren/3012676"
    },
    {
      "id": "380408PAK",
      "name": "Affligem Blond 0.0 Bier Fles 6 x 300ml",
      "brand": "Affligem",
      "category": "Bier en wijn",
      "unit_size": "6 x 300 ml",
      "offer_price": 7.69,
      "normal_price": 7.69,
      "price_per_unit": 4.27,
      "price_unit": "l",
      "discount_tag": "€ 4,00 bezorgkorting",
      "promo_title": "Alle alcoholvrije bieren",
      "validity": "za 27 t/m wo 31 dec",
      "image_url": "https://www.jumbo.com/dam-images/fit-in/360x360/Products/22122025_1766403191399_1766403198671_8712000056650_1.png",
      "source_url": "https://www.jumbo.com/aanbiedingen/alle-alcoholvrije-bieren/3012676"
    },
    {
      "id": "638299FLS",
      "name": "Budels Hopped 0% Fles 300ML",
      "brand": "Budels",
      "category": "Bier en wijn",
      "unit_size": null,
      "offer_price": 2.19,
      "normal_price": 2.19,
      "price_per_unit": 7.3,
      "price_unit": "l",
      "discount_tag": "€ 4,00 bezorgkorting",
      "promo_title": "Alle alcoholvrije bieren",
      "validity": "za 27 t/m wo 31 dec",
      "image_url": "",
      "source_url": "https://www.jumbo.com/aanbiedingen/alle-alcoholvrije-bieren/3012676"
    },
    {
      "id": "440632PAK",
      "name": "Affligem Belgisch Wit 0.0 Bier Fles 6 x 300ml",
      "brand": "Affligem",
      "category": "Bier en wijn",
      "unit_size": "6 x 300 ml",
      "offer_price": 7.25,
      "normal_price": 7.25,
      "price_per_unit": 4.03,
      "price_unit": "l",
      "discount_tag": "€ 4,00 bezorgkorting",
      "promo_title": "Alle alcoholvrije bieren",
      "validity": "za 27 t/m wo 31 dec",
      "image_url": "https://www.jumbo.com/dam-images/fit-in/360x360/Products/22122025_1766403192475_1766403197388_8712000057435_1.png",
      "source_url": "https://www.jumbo.com/aanbiedingen/alle-alcoholvrije-bieren/3012676"
    },
    {
      "id": "638266FLS",
      "name": "Budels Malt 0.0% Fles 300ML",
      "brand": "Budels",
      "category": "Bier en wijn",
      "unit_size": null,
      "offer_price": 1.35,
      "normal_price": 1.35,
      "price_per_unit": 4.5,
      "price_unit": "l",
      "discount_tag": "€ 4,00 bezorgkorting",
      "promo_title": "Alle alcoholvrije bieren",
      "validity": "za 27 t/m wo 31 dec",
      "image_url": "",
      "source_url": "https://www.jumbo.com/aanbiedingen/alle-alcoholvrije-bieren/3012676"
    },
    {
      "id": "181021PAK",
      "name": "Grolsch Alcoholvrij Bier 0.0 Fles 6 x 300ml",
      "brand": "Grolsch",
      "category": "Bier en wijn",
      "unit_size": null,
      "offer_price": 4.89,
      "normal_price": 4.89,
      "price_per_unit": 2.72,
      "price_unit": "l",
      "discount_tag": "€ 4,00 bezorgkorting",
      "promo_title": "Alle alcoholvrije bieren",
      "validity": "za 27 t/m wo 31 dec",
      "image_url": "https://www.jumbo.com/dam-images/fit-in/360x360/Products/08716700017270H1N1190e2698-9e5c-45b7-8681-2f869e815775-1758097618397.png",
      "source_url": "https://www.jumbo.com/aanbiedingen/alle-alcoholvrije-bieren/3012676"
    },
    {
      "id": "603195TRA",
      "name": "Texels Skuumkoppe 0.0 Bier Fles 6 x 300ml",
      "brand": "Texels",
      "category": "Bier en wijn",
      "unit_size": "6 x 300 ML",
      "offer_price": 8.99,
      "normal_price": 8.99,
      "price_per_unit": 4.99,
      "price_unit": "l",
      "discount_tag": "€ 4,00 bezorgkorting",
      "promo_title": "Alle alcoholvrije bieren",
      "validity": "za 27 t/m wo 31 dec",
      "image_url": "https://www.jumbo.com/dam-images/fit-in/360x360/Products/08712000061388H1N14bb6b0af-1452-46ad-9369-4c32c39f0c2b-1766152801552.png",
      "source_url": "https://www.jumbo.com/aanbiedingen/alle-alcoholvrije-bieren/3012676"
    },
    {
      "id": "536535PAK",
      "name": "Grolsch - 0.0% Alcoholvrij - Blik - 6 x 330ML",
      "brand": "Grolsch",
      "category": "Bier en wijn",
      "unit_size": null,
      "offer_price": 5.75,
      "normal_price": 5.75,
      "price_per_unit": 2.9,
      "price_unit": "l",
      "discount_tag": "€ 4,00 bezorgkorting",
      "promo_title": "Alle alcoholvrije bieren",
      "validity": "za 27 t/m wo 31 dec",
      "image_url": "https://www.jumbo.com/dam-images/fit-in/360x360/Products/08716700018949H1N132af5f14-7d93-4fd0-8270-e94d05f53b1b-1758092155294.png",
      "source_url": "https://www.jumbo.com/aanbiedingen/alle-alcoholvrije-bieren/3012676"
    },
    {
      "id": "669471DS",
      "name": "Corona Cero 0.0% Alc./Vol. Bier Blik 330 ml",
      "brand": "Corona",
      "category": "Bier en wijn",
      "unit_size": "330 ml",
      "offer_price": 5.69,
      "normal_price": 5.69,
      "price_per_unit": 4.31,
      "price_unit": "l",
      "discount_tag": "€ 4,00 bezorgkorting",
      "promo_title": "Alle alcoholvrije bieren",
      "validity": "za 27 t/m wo 31 dec",
      "image_url": "https://www.jumbo.com/dam-images/fit-in/360x360/Products/01122025_1764610372962_1764610378427_5410228327264_1.png",
      "source_url": "https://www.jumbo.com/aanbiedingen/alle-alcoholvrije-bieren/3012676"
    },
    {
      "id": "560535DS",
      "name": "Chouffe - Alcoholvrij 0.4% - Fles - 4 x 330ML",
      "brand": "Chouffe",
      "category": "Bier en wijn",
      "unit_size": null,
      "offer_price": 7.49,
      "normal_price": 7.49,
      "price_per_unit": 5.67,
      "price_unit": "l",
      "discount_tag": "€ 4,00 bezorgkorting",
      "promo_title": "Alle alcoholvrije bieren",
      "validity": "za 27 t/m wo 31 dec",
      "image_url": "https://www.jumbo.com/dam-images/fit-in/360x360/Products/05410769802138A1N15f09463c-93c1-4668-9643-478f7ac7f98f-1761139239256.png",
      "source_url": "https://www.jumbo.com/aanbiedingen/alle-alcoholvrije-bieren/3012676"
    },
    {
      "id": "348745KRT",
      "name": "Heineken Premium Pilsener 0.0 Bier Fles Krat 24 x 300ml",
      "brand": "Heineken",
      "category": "Bier en wijn",
      "unit_size": "24 x 30 cl",
      "offer_price": 19.99,
      "normal_price": 19.99,
      "price_per_unit": 2.78,
      "price_unit": "l",
      "discount_tag": "€ 4,00 bezorgkorting",
      "promo_title": "Alle alcoholvrije bieren",
      "validity": "za 27 t/m wo 31 dec",
      "image_url": "https://www.jumbo.com/dam-images/fit-in/360x360/Products/07012025_1736267693064_1736267697026_8712000056049_1.png",
      "source_url": "https://www.jumbo.com/aanbiedingen/alle-alcoholvrije-bieren/3012676"
    },
    {
      "id": "275068PAK",
      "name": "Brand IPA 0.0 Bier Fles 6 x 300ml",
      "brand": "Brand",
      "category": "Bier en wijn",
      "unit_size": "6 x 30 CL",
      "offer_price": 8.65,
      "normal_price": 8.65,
      "price_per_unit": 4.81,
      "price_unit": "l",
      "discount_tag": "€ 4,00 bezorgkorting",
      "promo_title": "Alle alcoholvrije bieren",
      "validity": "za 27 t/m wo 31 dec",
      "image_url": "https://www.jumbo.com/dam-images/fit-in/360x360/Products/19122025_1766161976943_1766161985636_8723200102375_1.png",
      "source_url": "https://www.jumbo.com/aanbiedingen/alle-alcoholvrije-bieren/3012676"
    },
    {
      "id": "634366FLS",
      "name": "Kasteel - Rouge - 0.0% Alcoholvrij - Fles - 330ML",
      "brand": "Kasteelbier",
      "category": "Bier en wijn",
      "unit_size": null,
      "offer_price": 1.89,
      "normal_price": 1.89,
      "price_per_unit": 5.73,
      "price_unit": "l",
      "discount_tag": "€ 4,00 bezorgkorting",
      "promo_title": "Alle alcoholvrije bieren",
      "validity": "za 27 t/m wo 31 dec",
      "image_url": "https://www.jumbo.com/dam-images/fit-in/360x360/Products/05411081010874A1C13357170e-7721-4204-8e89-1ad15f7f0d1f-1723464827853.png",
      "source_url": "https://www.jumbo.com/aanbiedingen/alle-alcoholvrije-bieren/3012676"
    },
    {
      "id": "631521FLS",
      "name": "La Trappe - Trappist Epos - 0,0% Alcoholvrij - Fles - 330ML",
      "brand": "La trappe",
      "category": "Bier en wijn",
      "unit_size": null,
      "offer_price": 1.89,
      "normal_price": 1.89,
      "price_per_unit": 5.73,
      "price_unit": "l",
      "discount_tag": "€ 4,00 bezorgkorting",
      "promo_title": "Alle alcoholvrije bieren",
      "validity": "za 27 t/m wo 31 dec",
      "image_url": "https://www.jumbo.com/dam-images/fit-in/360x360/Products/19112025_1763554750779_1763554753619_631521_FLS_08711406000182_C1N1.png",
      "source_url": "https://www.jumbo.com/aanbiedingen/alle-alcoholvrije-bieren/3012676"
    },
    {
      "id": "539046PAK",
      "name": "Heineken Premium Pilsener 0.0 Bier Blik 6 x 330ml",
      "brand": "Heineken",
      "category": "Bier en wijn",
      "unit_size": "6 x 330 ml",
      "offer_price": 6.65,
      "normal_price": 6.65,
      "price_per_unit": 3.36,
      "price_unit": "l",
      "discount_tag": "€ 4,00 bezorgkorting",
      "promo_title": "Alle alcoholvrije bieren",
      "validity": "za 27 t/m wo 31 dec",
      "image_url": "https://www.jumbo.com/dam-images/fit-in/360x360/Products/07012025_1736267694036_1736267697050_8712000058678_1.png",
      "source_url": "https://www.jumbo.com/aanbiedingen/alle-alcoholvrije-bieren/3012676"
    },
    {
      "id": "702596BLK",
      "name": "Two Chefs Bon Chef 0.5% 330ML",
      "brand": "Two Chefs",
      "category": "Bier en wijn",
      "unit_size": null,
      "offer_price": 2.39,
      "normal_price": 2.39,
      "price_per_unit": 7.24,
      "price_unit": "l",
      "discount_tag": "€ 4,00 bezorgkorting",
      "promo_title": "Alle alcoholvrije bieren",
      "validity": "za 27 t/m wo 31 dec",
      "image_url": "https://www.jumbo.com/dam-images/fit-in/360x360/Products/03062025_1748941460202_1748941461911_702596_BLK_08721082212854_A1N1.png",
      "source_url": "https://www.jumbo.com/aanbiedingen/alle-alcoholvrije-bieren/3012676"
    },
    {
      "id": "630672BLK",
      "name": "Jopen - IPA - Craft Beer - <0.5% Alcoholvrij - Blik - 330ML",
      "brand": "Jopen",
      "category": "Bier en wijn",
      "unit_size": "330 ML",
      "offer_price": 2.39,
      "normal_price": 2.39,
      "price_per_unit": 7.24,
      "price_unit": "l",
      "discount_tag": "€ 4,00 bezorgkorting",
      "promo_title": "Alle alcoholvrije bieren",
      "validity": "za 27 t/m wo 31 dec",
      "image_url": "https://www.jumbo.com/dam-images/fit-in/360x360/Products/27062024_1719484372034_1719484377620_8714799302246_1.png",
      "source_url": "https://www.jumbo.com/aanbiedingen/alle-alcoholvrije-bieren/3012676"
    },
    {
      "id": "450268PAK",
      "name": "Apple Bandit Juicy Apple 0.0 Cider Fles 6 x 300ml",
      "brand": "Apple Bandit",
      "category": "Bier en wijn",
      "unit_size": "6 x 30 cl",
      "offer_price": 7.49,
      "normal_price": 7.49,
      "price_per_unit": 4.16,
      "price_unit": "l",
      "discount_tag": "€ 4,00 bezorgkorting",
      "promo_title": "Alle alcoholvrije bieren",
      "validity": "za 27 t/m wo 31 dec",
      "image_url": "https://www.jumbo.com/dam-images/fit-in/360x360/Products/07012025_1736267695042_1736267700147_8712000057657_1.png",
      "source_url": "https://www.jumbo.com/aanbiedingen/alle-alcoholvrije-bieren/3012676"
    },
    {
      "id": "576132DS",
      "name": "Desperados Virgin 0.0 Bier Fles 6 x 330ml",
      "brand": "Desperados",
      "category": "Bier en wijn",
      "unit_size": "6 x 330 ml",
      "offer_price": 9.49,
      "normal_price": 9.49,
      "price_per_unit": 4.79,
      "price_unit": "l",
      "discount_tag": "€ 4,00 bezorgkorting",
      "promo_title": "Alle alcoholvrije bieren",
      "validity": "za 27 t/m wo 31 dec",
      "image_url": "https://www.jumbo.com/dam-images/fit-in/360x360/Products/07012025_1736267694753_1736267702439_8712000060640_1.png",
      "source_url": "https://www.jumbo.com/aanbiedingen/alle-alcoholvrije-bieren/3012676"
    },
    {
      "id": "671264FLS",
      "name": "Brouwerij 't IJ - Vrijwit - 0,5% Alcoholarm - 330 ml",
      "brand": "'t Ij",
      "category": "Bier en wijn",
      "unit_size": null,
      "offer_price": 2.55,
      "normal_price": 2.55,
      "price_per_unit": 7.73,
      "price_unit": "l",
      "discount_tag": "€ 4,00 bezorgkorting",
      "promo_title": "Alle alcoholvrije bieren",
      "validity": "za 27 t/m wo 31 dec",
      "image_url": "https://www.jumbo.com/dam-images/fit-in/360x360/Products/24122024_1735048472560_1735048477089_671264_FLS_08717545263860_C1N1.png",
      "source_url": "https://www.jumbo.com/aanbiedingen/alle-alcoholvrije-bieren/3012676"
    },
    {
      "id": "175227DS",
      "name": "Warsteiner - Alcoholvrij <0.5% - Fles - 6 x 330ML",
      "brand": "Warsteiner",
      "category": "Bier en wijn",
      "unit_size": "6 x 0.33 L",
      "offer_price": 5.19,
      "normal_price": 5.19,
      "price_per_unit": 2.62,
      "price_unit": "l",
      "discount_tag": "€ 4,00 bezorgkorting",
      "promo_title": "Alle alcoholvrije bieren",
      "validity": "za 27 t/m wo 31 dec",
      "image_url": "https://www.jumbo.com/dam-images/fit-in/360x360/Products/09082023_1691585022916_1691585043065_4000856154991_1.png",
      "source_url": "https://www.jumbo.com/aanbiedingen/alle-alcoholvrije-bieren/3012676"
    },
    {
      "id": "536536PAK",
      "name": "Bavaria - Pils - 0.0% Alcoholvrij - Blik - 6 x 330ML",
      "brand": "Bavaria",
      "category": "Bier en wijn",
      "unit_size": null,
      "offer_price": 5.49,
      "normal_price": 5.49,
      "price_per_unit": 2.77,
      "price_unit": "l",
      "discount_tag": "€ 4,00 bezorgkorting",
      "promo_title": "Alle alcoholvrije bieren",
      "validity": "za 27 t/m wo 31 dec",
      "image_url": "https://www.jumbo.com/dam-images/fit-in/360x360/Products/08714800046916C1N103471633-d633-4605-a835-ca859aa12703-1710940862502.png",
      "source_url": "https://www.jumbo.com/aanbiedingen/alle-alcoholvrije-bieren/3012676"
    },
    {
      "id": "684807DS",
      "name": "Bavaria Original 0.0% 6x300ML",
      "brand": "Bavaria",
      "category": "Bier en wijn",
      "unit_size": null,
      "offer_price": 4.99,
      "normal_price": 4.99,
      "price_per_unit": 2.77,
      "price_unit": "l",
      "discount_tag": "€ 4,00 bezorgkorting",
      "promo_title": "Alle alcoholvrije bieren",
      "validity": "za 27 t/m wo 31 dec",
      "image_url": "https://www.jumbo.com/dam-images/fit-in/360x360/Products/07032025_1741331791176_1741331793906_684807_DS_08714800052337_C1N1.png",
      "source_url": "https://www.jumbo.com/aanbiedingen/alle-alcoholvrije-bieren/3012676"
    },
    {
      "id": "422895FLS",
      "name": "Weihenstephaner - Hefeweissbier Alcoholvrij - 0.5% - Fles - 500ML",
      "brand": "Weihenstephaner",
      "category": "Bier en wijn",
      "unit_size": null,
      "offer_price": 1.75,
      "normal_price": 1.75,
      "price_per_unit": 3.5,
      "price_unit": "l",
      "discount_tag": "€ 4,00 bezorgkorting",
      "promo_title": "Alle alcoholvrije bieren",
      "validity": "za 27 t/m wo 31 dec",
      "image_url": "https://www.jumbo.com/dam-images/fit-in/360x360/Products/09082023_1691585252433_1691585259303_4105120003705_1.png",
      "source_url": "https://www.jumbo.com/aanbiedingen/alle-alcoholvrije-bieren/3012676"
    },
    {
      "id": "677695FLS",
      "name": "Lowlander Mango Ipa 0m3% 330ML",
      "brand": "Lowlander",
      "category": "Bier en wijn",
      "unit_size": null,
      "offer_price": 2.49,
      "normal_price": 2.49,
      "price_per_unit": 7.55,
      "price_unit": "l",
      "discount_tag": "€ 4,00 bezorgkorting",
      "promo_title": "Alle alcoholvrije bieren",
      "validity": "za 27 t/m wo 31 dec",
      "image_url": "https://www.jumbo.com/dam-images/fit-in/360x360/Products/12072025_1752287677270_1752287683892_677695_FLS_08720618787538_C1N1.png",
      "source_url": "https://www.jumbo.com/aanbiedingen/alle-alcoholvrije-bieren/3012676"
    },
    {
      "id": "198308PAK",
      "name": "Brand Weizen 0.0 Bier Fles 6 x 300ml",
      "brand": "Brand",
      "category": "Bier en wijn",
      "unit_size": "6 x 30 CL",
      "offer_price": 7.25,
      "normal_price": 7.25,
      "price_per_unit": 4.03,
      "price_unit": "l",
      "discount_tag": "€ 4,00 bezorgkorting",
      "promo_title": "Alle alcoholvrije bieren",
      "validity": "za 27 t/m wo 31 dec",
      "image_url": "https://www.jumbo.com/dam-images/fit-in/360x360/Products/19122025_1766158370954_1766158379581_8723200102122_1.png",
      "source_url": "https://www.jumbo.com/aanbiedingen/alle-alcoholvrije-bieren/3012676"
    },
    {
      "id": "669468FLS",
      "name": "Lowlander Wit 0% 330ML",
      "brand": "Lowlander",
      "category": "Bier en wijn",
      "unit_size": null,
      "offer_price": 2.59,
      "normal_price": 2.59,
      "price_per_unit": 7.85,
      "price_unit": "l",
      "discount_tag": "€ 4,00 bezorgkorting",
      "promo_title": "Alle alcoholvrije bieren",
      "validity": "za 27 t/m wo 31 dec",
      "image_url": "https://www.jumbo.com/dam-images/fit-in/360x360/Products/27112025_1764219055857_1764219062041_669468_FLS_08720618787521_C1N1.png",
      "source_url": "https://www.jumbo.com/aanbiedingen/alle-alcoholvrije-bieren/3012676"
    },
    {
      "id": "503963DS",
      "name": "Birra Moretti Zero 0.0 Bier Fles 6 x 300ml",
      "brand": "Birra Moretti",
      "category": "Bier en wijn",
      "unit_size": "6 x 300 ml",
      "offer_price": 6.65,
      "normal_price": 6.65,
      "price_per_unit": 3.69,
      "price_unit": "l",
      "discount_tag": "€ 4,00 bezorgkorting",
      "promo_title": "Alle alcoholvrije bieren",
      "validity": "za 27 t/m wo 31 dec",
      "image_url": "https://www.jumbo.com/dam-images/fit-in/360x360/Products/22122025_1766403191638_1766403199921_8712000058586_1.png",
      "source_url": "https://www.jumbo.com/aanbiedingen/alle-alcoholvrije-bieren/3012676"
    },
    {
      "id": "539108PAK",
      "name": "Dors - Alcoholvrij Bier 0.0% - Blik - 6 x 330 ML",
      "brand": "Dors",
      "category": "Bier en wijn",
      "unit_size": "6 x 33 cl",
      "offer_price": 2.59,
      "normal_price": 2.59,
      "price_per_unit": 1.31,
      "price_unit": "l",
      "discount_tag": "€ 4,00 bezorgkorting",
      "promo_title": "Alle alcoholvrije bieren",
      "validity": "za 27 t/m wo 31 dec",
      "image_url": "https://www.jumbo.com/dam-images/fit-in/360x360/Products/14022024_1707873858108_1707873874023_8718452653706_596.png",
      "source_url": "https://www.jumbo.com/aanbiedingen/alle-alcoholvrije-bieren/3012676"
    },
    {
      "id": "670408BLK",
      "name": "Cornet Oaked - 0,3% Alcoholarm - Blik - 330 ml",
      "brand": "Cornet",
      "category": "Bier en wijn",
      "unit_size": null,
      "offer_price": 1.65,
      "normal_price": 1.65,
      "price_per_unit": 5.0,
      "price_unit": "l",
      "discount_tag": "€ 4,00 bezorgkorting",
      "promo_title": "Alle alcoholvrije bieren",
      "validity": "za 27 t/m wo 31 dec",
      "image_url": "https://www.jumbo.com/dam-images/fit-in/360x360/Products/26122024_1735183900693_1735183903767_670408_BLK_05410783010960_C1N1.png",
      "source_url": "https://www.jumbo.com/aanbiedingen/alle-alcoholvrije-bieren/3012676"
    },
    {
      "id": "391716KRT",
      "name": "Grolsch - 0.0% Alcoholvrij - Krat - 24 x 300ML",
      "brand": "Grolsch",
      "category": "Bier en wijn",
      "unit_size": null,
      "offer_price": 18.49,
      "normal_price": 18.49,
      "price_per_unit": 2.57,
      "price_unit": "l",
      "discount_tag": "€ 4,00 bezorgkorting",
      "promo_title": "Alle alcoholvrije bieren",
      "validity": "za 27 t/m wo 31 dec",
      "image_url": "https://www.jumbo.com/dam-images/fit-in/360x360/Products/08716700031771H1N161ff7117-c761-4e95-9766-3108cf31e6d4-1758098203927.png",
      "source_url": "https://www.jumbo.com/aanbiedingen/alle-alcoholvrije-bieren/3012676"
    },
    {
      "id": "683122DS",
      "name": "Bavaria 0.0% Lemon Lime 6x330ML",
      "brand": "Bavaria",
      "category": "Bier en wijn",
      "unit_size": null,
      "offer_price": 6.25,
      "normal_price": 6.25,
      "price_per_unit": 3.16,
      "price_unit": "l",
      "discount_tag": "€ 4,00 bezorgkorting",
      "promo_title": "Alle alcoholvrije bieren",
      "validity": "za 27 t/m wo 31 dec",
      "image_url": "https://www.jumbo.com/dam-images/fit-in/360x360/Products/08714800051514C1N1ff1c033b-a709-4c6e-92d5-13c4773808bd-1747040090784.png",
      "source_url": "https://www.jumbo.com/aanbiedingen/alle-alcoholvrije-bieren/3012676"
    },
    {
      "id": "200606PAK",
      "name": "Heineken Premium Pilsener 0.0 Bier Draaidop Fles 12 x 250ml",
      "brand": "Heineken",
      "category": "Bier en wijn",
      "unit_size": "12 x 25 cl",
      "offer_price": 12.49,
      "normal_price": 12.49,
      "price_per_unit": 4.16,
      "price_unit": "l",
      "discount_tag": "€ 4,00 bezorgkorting",
      "promo_title": "Alle alcoholvrije bieren",
      "validity": "za 27 t/m wo 31 dec",
      "image_url": "https://www.jumbo.com/dam-images/fit-in/360x360/Products/07012025_1736267692224_1736267696606_8712000051273_1.png",
      "source_url": "https://www.jumbo.com/aanbiedingen/alle-alcoholvrije-bieren/3012676"
    },
    {
      "id": "538300PAK",
      "name": "Leffe Blond 0,0% Alc. Belgisch Abdijbier Blikken 6 x 33 cl",
      "brand": "Leffe",
      "category": "Bier en wijn",
      "unit_size": "6 x 33 cl",
      "offer_price": 8.49,
      "normal_price": 8.49,
      "price_per_unit": 4.29,
      "price_unit": "l",
      "discount_tag": "€ 4,00 bezorgkorting",
      "promo_title": "Alle alcoholvrije bieren",
      "validity": "za 27 t/m wo 31 dec",
      "image_url": "https://www.jumbo.com/dam-images/fit-in/360x360/Products/12122025_1765501270331_1765501282117_5410228304999_596.png",
      "source_url": "https://www.jumbo.com/aanbiedingen/alle-alcoholvrije-bieren/3012676"
    },
    {
      "id": "536550PAK",
      "name": "Grolsch - Citroen Radler - 0.0% Alcoholvrij - Blik - 6 x 330ML",
      "brand": "Grolsch",
      "category": "Bier en wijn",
      "unit_size": null,
      "offer_price": 6.09,
      "normal_price": 6.09,
      "price_per_unit": 3.08,
      "price_unit": "l",
      "discount_tag": "€ 4,00 bezorgkorting",
      "promo_title": "Alle alcoholvrije bieren",
      "validity": "za 27 t/m wo 31 dec",
      "image_url": "https://www.jumbo.com/dam-images/fit-in/360x360/Products/08716700018901H1N1c6ddea83-5eae-40a3-98ee-bddfece1d155-1758094458394.png",
      "source_url": "https://www.jumbo.com/aanbiedingen/alle-alcoholvrije-bieren/3012676"
    },
    {
      "id": "683106DS",
      "name": "Bavaria 0.0% Ginger Lime 6x330ML",
      "brand": "Bavaria",
      "category": "Bier en wijn",
      "unit_size": null,
      "offer_price": 6.25,
      "normal_price": 6.25,
      "price_per_unit": 3.16,
      "price_unit": "l",
      "discount_tag": "€ 4,00 bezorgkorting",
      "promo_title": "Alle alcoholvrije bieren",
      "validity": "za 27 t/m wo 31 dec",
      "image_url": "https://www.jumbo.com/dam-images/fit-in/360x360/Products/08714800051590H1N168a42986-790a-404c-8180-cea7cd60d17d-1749739420154.png",
      "source_url": "https://www.jumbo.com/aanbiedingen/alle-alcoholvrije-bieren/3012676"
    },
    {
      "id": "224984KRT",
      "name": "Grolsch - Citroen Radler - 0.0% Alcoholvrij - Krat - 24 x 300ML",
      "brand": "Grolsch",
      "category": "Bier en wijn",
      "unit_size": null,
      "offer_price": 21.36,
      "normal_price": 21.36,
      "price_per_unit": 2.97,
      "price_unit": "l",
      "discount_tag": "€ 4,00 bezorgkorting",
      "promo_title": "Alle alcoholvrije bieren",
      "validity": "za 27 t/m wo 31 dec",
      "image_url": "https://www.jumbo.com/dam-images/fit-in/360x360/Products/08716700030125H1N1e9756464-7dc2-4949-9c09-896d3750b242-1758097783477.png",
      "source_url": "https://www.jumbo.com/aanbiedingen/alle-alcoholvrije-bieren/3012676"
    },
    {
      "id": "434140PAK",
      "name": "Leffe - Bruin 0.0% Alcoholvrij Belgisch Abdijbier - Fles - 6 x 330ML",
      "brand": "Leffe",
      "category": "Bier en wijn",
      "unit_size": null,
      "offer_price": 7.49,
      "normal_price": 7.49,
      "price_per_unit": 3.78,
      "price_unit": "l",
      "discount_tag": "€ 4,00 bezorgkorting",
      "promo_title": "Alle alcoholvrije bieren",
      "validity": "za 27 t/m wo 31 dec",
      "image_url": "https://www.jumbo.com/dam-images/fit-in/360x360/Products/05410228275398H1N16a6816b5-2577-46c6-909b-50f531b24db4-1713367092135.png",
      "source_url": "https://www.jumbo.com/aanbiedingen/alle-alcoholvrije-bieren/3012676"
    },
    {
      "id": "632645FLS",
      "name": "Gulpener - IPA 0,3% - Fles - 300ML",
      "brand": "Gulpener",
      "category": "Bier en wijn",
      "unit_size": null,
      "offer_price": 1.55,
      "normal_price": 1.55,
      "price_per_unit": 5.17,
      "price_unit": "l",
      "discount_tag": "€ 4,00 bezorgkorting",
      "promo_title": "Alle alcoholvrije bieren",
      "validity": "za 27 t/m wo 31 dec",
      "image_url": "https://www.jumbo.com/dam-images/fit-in/360x360/Products/03082024_1722653159072_1722653160828_632645_FLS_08725500171266_C1N1.png",
      "source_url": "https://www.jumbo.com/aanbiedingen/alle-alcoholvrije-bieren/3012676"
    },
    {
      "id": "669465DS",
      "name": "Texels Speciaalbier Skuumkoppe Alcoholvrij Tarwebier Blik 330 ml",
      "brand": "Texels",
      "category": "Bier en wijn",
      "unit_size": "330 ml",
      "offer_price": 6.65,
      "normal_price": 6.65,
      "price_per_unit": 5.04,
      "price_unit": "l",
      "discount_tag": "€ 4,00 bezorgkorting",
      "promo_title": "Alle alcoholvrije bieren",
      "validity": "za 27 t/m wo 31 dec",
      "image_url": "https://www.jumbo.com/dam-images/fit-in/360x360/Products/12122025_1765546381853_1765546390705_8712000062163_1.png",
      "source_url": "https://www.jumbo.com/aanbiedingen/alle-alcoholvrije-bieren/3012676"
    },
    {
      "id": "562378FLS",
      "name": "Sportzot - Belgisch Bier Alcoholvrij 0.3% - Fles - 330ML",
      "brand": "Brugse Zot",
      "category": "Bier en wijn",
      "unit_size": "33 cl",
      "offer_price": 2.29,
      "normal_price": 2.29,
      "price_per_unit": 6.94,
      "price_unit": "l",
      "discount_tag": "€ 4,00 bezorgkorting",
      "promo_title": "Alle alcoholvrije bieren",
      "validity": "za 27 t/m wo 31 dec",
      "image_url": "https://www.jumbo.com/dam-images/fit-in/360x360/Products/09082023_1691584973799_1691584982781_5425017241683_1.png",
      "source_url": "https://www.jumbo.com/aanbiedingen/alle-alcoholvrije-bieren/3012676"
    },
    {
      "id": "538458PAK",
      "name": "Bavaria - 0.0% IPA Alcoholvrij - Blik - 330ML",
      "brand": "Bavaria",
      "category": "Bier en wijn",
      "unit_size": null,
      "offer_price": 6.99,
      "normal_price": 6.99,
      "price_per_unit": 3.53,
      "price_unit": "l",
      "discount_tag": "€ 4,00 bezorgkorting",
      "promo_title": "Alle alcoholvrije bieren",
      "validity": "za 27 t/m wo 31 dec",
      "image_url": "https://www.jumbo.com/dam-images/fit-in/360x360/Products/08714800046978C1N12dcc2e3e-2ae6-42cd-867d-54f6d5df8270-1719317100277.png",
      "source_url": "https://www.jumbo.com/aanbiedingen/alle-alcoholvrije-bieren/3012676"
    },
    {
      "id": "275071PAK",
      "name": "Liefmans - Fruitesse Alcoholvrij 0.0% - Fles - 4 x 250ML",
      "brand": "Liefmans",
      "category": "Bier en wijn",
      "unit_size": null,
      "offer_price": 5.99,
      "normal_price": 5.99,
      "price_per_unit": 5.99,
      "price_unit": "l",
      "discount_tag": "€ 4,00 bezorgkorting",
      "promo_title": "Alle alcoholvrije bieren",
      "validity": "za 27 t/m wo 31 dec",
      "image_url": "https://www.jumbo.com/dam-images/fit-in/360x360/Products/09082023_1691591227272_1691591265825_5411686701597_1.png",
      "source_url": "https://www.jumbo.com/aanbiedingen/alle-alcoholvrije-bieren/3012676"
    },
    {
      "id": "669484DS",
      "name": "Liefmans Fruitbier Peach 0% 4x250ML",
      "brand": "Liefmans",
      "category": "Bier en wijn",
      "unit_size": null,
      "offer_price": 5.49,
      "normal_price": 5.49,
      "price_per_unit": 5.49,
      "price_unit": "l",
      "discount_tag": "€ 4,00 bezorgkorting",
      "promo_title": "Alle alcoholvrije bieren",
      "validity": "za 27 t/m wo 31 dec",
      "image_url": "https://www.jumbo.com/dam-images/fit-in/360x360/Products/05411686702976C1N1ef596a65-3cd0-497d-a647-c77996352342-1740998512616.png",
      "source_url": "https://www.jumbo.com/aanbiedingen/alle-alcoholvrije-bieren/3012676"
    },
    {
      "id": "712006KGR",
      "name": "Roem Oud 50+ Kaas ca. 300g",
      "brand": "Roem",
      "category": "Vleeswaren, kaas en tapas",
      "unit_size": null,
      "offer_price": 6.9,
      "normal_price": 6.9,
      "price_per_unit": 22.99,
      "price_unit": "kg",
      "discount_tag": "25% korting",
      "promo_title": "Specialiteiten kaas stukken van de bedieningsafdeling",
      "validity": "za 27 t/m wo 31 dec",
      "image_url": "https://www.jumbo.com/dam-images/fit-in/360x360/Products/27102025_1761593639303_1761593646628_2312170000000_1.png",
      "source_url": "https://www.jumbo.com/aanbiedingen/specialiteiten-kaas-stukken-van-de-bedieningsafdeling/3012822"
    },
    {
      "id": "712001KGR",
      "name": "Stolkse Taler Gatenkaas 50+ ca. 450g",
      "brand": "Stolkse Taler",
      "category": "Vleeswaren, kaas en tapas",
      "unit_size": null,
      "offer_price": 8.99,
      "normal_price": 8.99,
      "price_per_unit": 19.98,
      "price_unit": "kg",
      "discount_tag": "25% korting",
      "promo_title": "Specialiteiten kaas stukken van de bedieningsafdeling",
      "validity": "za 27 t/m wo 31 dec",
      "image_url": "https://www.jumbo.com/dam-images/fit-in/360x360/Products/27102025_1761593639095_1761593648085_2312165000000_1.png",
      "source_url": "https://www.jumbo.com/aanbiedingen/specialiteiten-kaas-stukken-van-de-bedieningsafdeling/3012822"
    },
    {
      "id": "193129KGR",
      "name": "ROEM",
      "brand": "Roem",
      "category": "Vleeswaren, kaas en tapas",
      "unit_size": null,
      "offer_price": 0.02,
      "normal_price": 0.02,
      "price_per_unit": 22.99,
      "price_unit": "kg",
      "discount_tag": "25% korting",
      "promo_title": "Specialiteiten kaas stukken van de bedieningsafdeling",
      "validity": "za 27 t/m wo 31 dec",
      "image_url": "",
      "source_url": "https://www.jumbo.com/aanbiedingen/specialiteiten-kaas-stukken-van-de-bedieningsafdeling/3012822"
    },
    {
      "id": "712003KGR",
      "name": "Familie Nijland Honingklaver Bloem 50+ Kaas ca. 300g",
      "brand": "Familie Nijland",
      "category": "Vleeswaren, kaas en tapas",
      "unit_size": null,
      "offer_price": 7.77,
      "normal_price": 7.77,
      "price_per_unit": 25.9,
      "price_unit": "kg",
      "discount_tag": "25% korting",
      "promo_title": "Specialiteiten kaas stukken van de bedieningsafdeling",
      "validity": "za 27 t/m wo 31 dec",
      "image_url": "https://www.jumbo.com/dam-images/fit-in/360x360/Products/27102025_1761593639275_1761593647403_2312164000000_1.png",
      "source_url": "https://www.jumbo.com/aanbiedingen/specialiteiten-kaas-stukken-van-de-bedieningsafdeling/3012822"
    },
    {
      "id": "712255KGR",
      "name": "Roem Geitenkaas Jong Belegen 50+ ca. 300g",
      "brand": "Roem",
      "category": "Vleeswaren, kaas en tapas",
      "unit_size": null,
      "offer_price": 6.27,
      "normal_price": 6.27,
      "price_per_unit": 20.9,
      "price_unit": "kg",
      "discount_tag": "25% korting",
      "promo_title": "Specialiteiten kaas stukken van de bedieningsafdeling",
      "validity": "za 27 t/m wo 31 dec",
      "image_url": "https://www.jumbo.com/dam-images/fit-in/360x360/Products/2312177000000T17ca33255-25b5-4a7b-bd9a-15961df4be39-1765962384558.png",
      "source_url": "https://www.jumbo.com/aanbiedingen/specialiteiten-kaas-stukken-van-de-bedieningsafdeling/3012822"
    },
    {
      "id": "712000KGR",
      "name": "Holland Jersey Mild 50+ Kaas ca.300g",
      "brand": "Holland Jersey",
      "category": "Vleeswaren, kaas en tapas",
      "unit_size": null,
      "offer_price": 5.69,
      "normal_price": 5.69,
      "price_per_unit": 18.96,
      "price_unit": "kg",
      "discount_tag": "25% korting",
      "promo_title": "Specialiteiten kaas stukken van de bedieningsafdeling",
      "validity": "za 27 t/m wo 31 dec",
      "image_url": "https://www.jumbo.com/dam-images/fit-in/360x360/Products/27102025_1761593638938_1761593647399_2312172000000_1.png",
      "source_url": "https://www.jumbo.com/aanbiedingen/specialiteiten-kaas-stukken-van-de-bedieningsafdeling/3012822"
    },
    {
      "id": "711997KGR",
      "name": "Roem Jong Belegen 50+ Kaas ca. 300g",
      "brand": "Roem",
      "category": "Vleeswaren, kaas en tapas",
      "unit_size": null,
      "offer_price": 5.25,
      "normal_price": 5.25,
      "price_per_unit": 17.49,
      "price_unit": "kg",
      "discount_tag": "25% korting",
      "promo_title": "Specialiteiten kaas stukken van de bedieningsafdeling",
      "validity": "za 27 t/m wo 31 dec",
      "image_url": "https://www.jumbo.com/dam-images/fit-in/360x360/Products/27102025_1761593638685_1761593646630_2312168000000_1.png",
      "source_url": "https://www.jumbo.com/aanbiedingen/specialiteiten-kaas-stukken-van-de-bedieningsafdeling/3012822"
    },
    {
      "id": "712002KGR",
      "name": "Familie Nijland Truffino 50+ Kaas ca. 270g",
      "brand": "Familie Nijland",
      "category": "Vleeswaren, kaas en tapas",
      "unit_size": null,
      "offer_price": 6.34,
      "normal_price": 6.34,
      "price_per_unit": 23.49,
      "price_unit": "kg",
      "discount_tag": "25% korting",
      "promo_title": "Specialiteiten kaas stukken van de bedieningsafdeling",
      "validity": "za 27 t/m wo 31 dec",
      "image_url": "https://www.jumbo.com/dam-images/fit-in/360x360/Products/27102025_1761593638983_1761593646748_2312166000000_1.png",
      "source_url": "https://www.jumbo.com/aanbiedingen/specialiteiten-kaas-stukken-van-de-bedieningsafdeling/3012822"
    },
    {
      "id": "711999KGR",
      "name": "Holland Jersey Kaas Belegen 50+ ca. 300g",
      "brand": "Holland Jersey",
      "category": "Vleeswaren, kaas en tapas",
      "unit_size": null,
      "offer_price": 5.99,
      "normal_price": 5.99,
      "price_per_unit": 19.96,
      "price_unit": "kg",
      "discount_tag": "25% korting",
      "promo_title": "Specialiteiten kaas stukken van de bedieningsafdeling",
      "validity": "za 27 t/m wo 31 dec",
      "image_url": "https://www.jumbo.com/dam-images/fit-in/360x360/Products/27102025_1761593638832_1761593647770_2312171000000_1.png",
      "source_url": "https://www.jumbo.com/aanbiedingen/specialiteiten-kaas-stukken-van-de-bedieningsafdeling/3012822"
    },
    {
      "id": "687715ZK",
      "name": "Chio Heart Breakers Cheese Onion 125 g",
      "brand": "Chio",
      "category": "Koek, snoep, chocolade en chips",
      "unit_size": "125 g",
      "offer_price": 1.99,
      "normal_price": 1.99,
      "price_per_unit": 15.92,
      "price_unit": "kg",
      "discount_tag": "2 voor 3,00",
      "promo_title": "Chio Oven Chips, POM-BÄR, Heartbreakers en Popcorn",
      "validity": "za 27 t/m wo 31 dec",
      "image_url": "https://www.jumbo.com/dam-images/fit-in/360x360/Products/21052025_1747816448279_1747816456211_8710532474911_1.png",
      "source_url": "https://www.jumbo.com/aanbiedingen/chio-oven-chips-pom-bar-heartbreakers-en-popcorn/3012639"
    },
    {
      "id": "570359ZK",
      "name": "POM-BÄR Original 90 g",
      "brand": "Chio",
      "category": "Koek, snoep, chocolade en chips",
      "unit_size": "90 g",
      "offer_price": 1.79,
      "normal_price": 1.79,
      "price_per_unit": 19.89,
      "price_unit": "kg",
      "discount_tag": "2 voor 3,00",
      "promo_title": "Chio Oven Chips, POM-BÄR, Heartbreakers en Popcorn",
      "validity": "za 27 t/m wo 31 dec",
      "image_url": "https://www.jumbo.com/dam-images/fit-in/360x360/Products/03122025_1764727302126_1764727305809_570359_ZK_08710532467562_A1N1.png",
      "source_url": "https://www.jumbo.com/aanbiedingen/chio-oven-chips-pom-bar-heartbreakers-en-popcorn/3012639"
    },
    {
      "id": "422657ZK",
      "name": "Chio Popcorn Sweet & Salty 150 g",
      "brand": "Chio",
      "category": "Koek, snoep, chocolade en chips",
      "unit_size": "150 g",
      "offer_price": 1.69,
      "normal_price": 1.69,
      "price_per_unit": 11.27,
      "price_unit": "kg",
      "discount_tag": "2 voor 3,00",
      "promo_title": "Chio Oven Chips, POM-BÄR, Heartbreakers en Popcorn",
      "validity": "za 27 t/m wo 31 dec",
      "image_url": "https://www.jumbo.com/dam-images/fit-in/360x360/Products/03122025_1764729605875_1764729611372_422657_ZK_08710532442743_C1N1.png",
      "source_url": "https://www.jumbo.com/aanbiedingen/chio-oven-chips-pom-bar-heartbreakers-en-popcorn/3012639"
    },
    {
      "id": "687712ZK",
      "name": "Chio Oven Chips Sea Salt Flavour 125 g",
      "brand": "Chio",
      "category": "Koek, snoep, chocolade en chips",
      "unit_size": "125 g",
      "offer_price": 1.99,
      "normal_price": 1.99,
      "price_per_unit": 15.92,
      "price_unit": "kg",
      "discount_tag": "2 voor 3,00",
      "promo_title": "Chio Oven Chips, POM-BÄR, Heartbreakers en Popcorn",
      "validity": "za 27 t/m wo 31 dec",
      "image_url": "https://www.jumbo.com/dam-images/fit-in/360x360/Products/28052025_1748396901857_1748396929993_687712_ZK_08710532475031_H1N1_R.png",
      "source_url": "https://www.jumbo.com/aanbiedingen/chio-oven-chips-pom-bar-heartbreakers-en-popcorn/3012639"
    },
    {
      "id": "570358ZK",
      "name": "Pom-Bär Paprika 90 g",
      "brand": "Chio",
      "category": "Koek, snoep, chocolade en chips",
      "unit_size": "90 g",
      "offer_price": 1.99,
      "normal_price": 1.99,
      "price_per_unit": 22.11,
      "price_unit": "kg",
      "discount_tag": "2 voor 3,00",
      "promo_title": "Chio Oven Chips, POM-BÄR, Heartbreakers en Popcorn",
      "validity": "za 27 t/m wo 31 dec",
      "image_url": "https://www.jumbo.com/dam-images/fit-in/360x360/Products/05022024_1707150792396_1707150800711_8710532467609_1.png",
      "source_url": "https://www.jumbo.com/aanbiedingen/chio-oven-chips-pom-bar-heartbreakers-en-popcorn/3012639"
    },
    {
      "id": "700849ZK",
      "name": "Chio Heart Breakers Classic 125g",
      "brand": "Chio",
      "category": "Koek, snoep, chocolade en chips",
      "unit_size": null,
      "offer_price": 1.99,
      "normal_price": 1.99,
      "price_per_unit": 15.92,
      "price_unit": "kg",
      "discount_tag": "2 voor 3,00",
      "promo_title": "Chio Oven Chips, POM-BÄR, Heartbreakers en Popcorn",
      "validity": "za 27 t/m wo 31 dec",
      "image_url": "https://www.jumbo.com/dam-images/fit-in/360x360/Products/08710532446673H1N1R98d526f7-07c3-47c2-911c-a79f35d08736-1752143607988.png",
      "source_url": "https://www.jumbo.com/aanbiedingen/chio-oven-chips-pom-bar-heartbreakers-en-popcorn/3012639"
    },
    {
      "id": "584192ZK",
      "name": "Chio Popcorn Salt 90 g",
      "brand": "Chio",
      "category": "Koek, snoep, chocolade en chips",
      "unit_size": "90 g",
      "offer_price": 1.69,
      "normal_price": 1.69,
      "price_per_unit": 18.78,
      "price_unit": "kg",
      "discount_tag": "2 voor 3,00",
      "promo_title": "Chio Oven Chips, POM-BÄR, Heartbreakers en Popcorn",
      "validity": "za 27 t/m wo 31 dec",
      "image_url": "https://www.jumbo.com/dam-images/fit-in/360x360/Products/03122025_1764734535177_1764734539271_584192_ZK_08710532470937_C1N1.png",
      "source_url": "https://www.jumbo.com/aanbiedingen/chio-oven-chips-pom-bar-heartbreakers-en-popcorn/3012639"
    },
    {
      "id": "687711ZK",
      "name": "Chio Oven Chips Paprika 125g",
      "brand": "Chio",
      "category": "Koek, snoep, chocolade en chips",
      "unit_size": null,
      "offer_price": 1.99,
      "normal_price": 1.99,
      "price_per_unit": 15.92,
      "price_unit": "kg",
      "discount_tag": "2 voor 3,00",
      "promo_title": "Chio Oven Chips, POM-BÄR, Heartbreakers en Popcorn",
      "validity": "za 27 t/m wo 31 dec",
      "image_url": "https://www.jumbo.com/dam-images/fit-in/360x360/Products/28052025_1748396878971_1748396914891_687711_ZK_08710532474997_H1N1_R.png",
      "source_url": "https://www.jumbo.com/aanbiedingen/chio-oven-chips-pom-bar-heartbreakers-en-popcorn/3012639"
    },
    {
      "id": "184909STK",
      "name": "Chio Heart Breakers Paprika 125 g",
      "brand": "Chio",
      "category": "Koek, snoep, chocolade en chips",
      "unit_size": "125 g",
      "offer_price": 1.99,
      "normal_price": 1.99,
      "price_per_unit": 15.92,
      "price_unit": "kg",
      "discount_tag": "2 voor 3,00",
      "promo_title": "Chio Oven Chips, POM-BÄR, Heartbreakers en Popcorn",
      "validity": "za 27 t/m wo 31 dec",
      "image_url": "https://www.jumbo.com/dam-images/fit-in/360x360/Products/24062025_1750789968724_1750789974568_8710532449209_1.png",
      "source_url": "https://www.jumbo.com/aanbiedingen/chio-oven-chips-pom-bar-heartbreakers-en-popcorn/3012639"
    },
    {
      "id": "687710ZK",
      "name": "Chio Oven Chips Onion & Sour Cream Flavour 125 g",
      "brand": "Chio",
      "category": "Koek, snoep, chocolade en chips",
      "unit_size": "125 g",
      "offer_price": 1.99,
      "normal_price": 1.99,
      "price_per_unit": 15.92,
      "price_unit": "kg",
      "discount_tag": "2 voor 3,00",
      "promo_title": "Chio Oven Chips, POM-BÄR, Heartbreakers en Popcorn",
      "validity": "za 27 t/m wo 31 dec",
      "image_url": "https://www.jumbo.com/dam-images/fit-in/360x360/Products/28052025_1748396841941_1748396870244_687710_ZK_08710532475017_H1N1_R.png",
      "source_url": "https://www.jumbo.com/aanbiedingen/chio-oven-chips-pom-bar-heartbreakers-en-popcorn/3012639"
    },
    {
      "id": "695634ZK",
      "name": "Pom-Bär Ketchup Style 90 g",
      "brand": "Chio",
      "category": "Koek, snoep, chocolade en chips",
      "unit_size": "90 g",
      "offer_price": 1.99,
      "normal_price": 1.99,
      "price_per_unit": 22.11,
      "price_unit": "kg",
      "discount_tag": "2 voor 3,00",
      "promo_title": "Chio Oven Chips, POM-BÄR, Heartbreakers en Popcorn",
      "validity": "za 27 t/m wo 31 dec",
      "image_url": "https://www.jumbo.com/dam-images/fit-in/360x360/Products/30062025_1751272426565_1751272432953_8710532476793_1.png",
      "source_url": "https://www.jumbo.com/aanbiedingen/chio-oven-chips-pom-bar-heartbreakers-en-popcorn/3012639"
    },
    {
      "id": "437955BAK",
      "name": "Looye Honingtomaten 180 g",
      "brand": "Looye",
      "category": "Aardappelen, groente en fruit",
      "unit_size": "180 g",
      "offer_price": 3.99,
      "normal_price": 3.99,
      "price_per_unit": 22.17,
      "price_unit": "kg",
      "discount_tag": "voor 3,29",
      "promo_title": "Looye honingtomaten",
      "validity": "za 27 t/m wo 31 dec",
      "image_url": "https://www.jumbo.com/dam-images/fit-in/360x360/Products/09082023_1691590731416_1691590752413_8716062000095_1.png",
      "source_url": "https://www.jumbo.com/aanbiedingen/looye-honingtomaten/3014165"
    },
    {
      "id": "383444ZK",
      "name": "Jumbo Aardappelen Kruimig 1 kg",
      "brand": "Jumbo",
      "category": "Aardappelen, groente en fruit",
      "unit_size": "1 kg",
      "offer_price": 1.39,
      "normal_price": 1.39,
      "price_per_unit": 1.39,
      "price_unit": "kg",
      "discount_tag": "voor 1,00",
      "promo_title": "Vastkokende of kruimige aardappelen",
      "validity": "za 27 t/m wo 31 dec",
      "image_url": "https://www.jumbo.com/dam-images/fit-in/360x360/Products/29092023_1695995100520_1695995116778_8718452499205_1.png",
      "source_url": "https://www.jumbo.com/aanbiedingen/vastkokende-of-kruimige-aardappelen/3014147"
    },
    {
      "id": "380101ZK",
      "name": "Jumbo Aardappelen Vastkokend 1 kg",
      "brand": "Jumbo",
      "category": "Aardappelen, groente en fruit",
      "unit_size": "1 kg",
      "offer_price": 1.39,
      "normal_price": 1.39,
      "price_per_unit": 1.39,
      "price_unit": "kg",
      "discount_tag": "voor 1,00",
      "promo_title": "Vastkokende of kruimige aardappelen",
      "validity": "za 27 t/m wo 31 dec",
      "image_url": "https://www.jumbo.com/dam-images/fit-in/360x360/Products/29092023_1695995100140_1695995107194_8718452499175_1.png",
      "source_url": "https://www.jumbo.com/aanbiedingen/vastkokende-of-kruimige-aardappelen/3014147"
    },
    {
      "id": "87441KRT",
      "name": "Heineken Premium Pilsener Bier Fles Krat 24 x 300ml",
      "brand": "Heineken",
      "category": "Bier en wijn",
      "unit_size": "24 x 30 cl",
      "offer_price": 19.99,
      "normal_price": 19.99,
      "price_per_unit": 2.78,
      "price_unit": "l",
      "discount_tag": "25% korting",
      "promo_title": "Heineken krat",
      "validity": "za 27 t/m wo 31 dec",
      "image_url": "https://www.jumbo.com/dam-images/fit-in/360x360/Products/22122025_1766406771924_1766406776490_8712000033040_1.png",
      "source_url": "https://www.jumbo.com/aanbiedingen/heineken-krat/3012722"
    },
    {
      "id": "99071FLS",
      "name": "Alpaca - Sauvignon Blanc - 750ML",
      "brand": "Alpaca",
      "category": "Bier en wijn",
      "unit_size": "75 cl",
      "offer_price": 4.79,
      "normal_price": 4.79,
      "price_per_unit": 6.39,
      "price_unit": "l",
      "discount_tag": "voor 3,75",
      "promo_title": "Alpaca",
      "validity": "za 27 t/m wo 31 dec",
      "image_url": "https://www.jumbo.com/dam-images/fit-in/360x360/Products/22072024_1721640978078_1721640980868_7808704700287_1.png",
      "source_url": "https://www.jumbo.com/aanbiedingen/alpaca/3012693"
    },
    {
      "id": "99170FLS",
      "name": "Alpaca - Merlot - 750ML",
      "brand": "Alpaca",
      "category": "Bier en wijn",
      "unit_size": "75 cl",
      "offer_price": 4.79,
      "normal_price": 4.79,
      "price_per_unit": 6.39,
      "price_unit": "l",
      "discount_tag": "voor 3,75",
      "promo_title": "Alpaca",
      "validity": "za 27 t/m wo 31 dec",
      "image_url": "https://www.jumbo.com/dam-images/fit-in/360x360/Products/22072024_1721640978099_1721640980502_7804436720272_1.png",
      "source_url": "https://www.jumbo.com/aanbiedingen/alpaca/3012693"
    },
    {
      "id": "195254FLS",
      "name": "Alpaca - Chardonnay - Semillón - 750ML",
      "brand": "Alpaca",
      "category": "Bier en wijn",
      "unit_size": "75 cl",
      "offer_price": 4.79,
      "normal_price": 4.79,
      "price_per_unit": 6.39,
      "price_unit": "l",
      "discount_tag": "voor 3,75",
      "promo_title": "Alpaca",
      "validity": "za 27 t/m wo 31 dec",
      "image_url": "https://www.jumbo.com/dam-images/fit-in/360x360/Products/22072024_1721655196954_1721655199674_7804300141196_1.png",
      "source_url": "https://www.jumbo.com/aanbiedingen/alpaca/3012693"
    },
    {
      "id": "99090FLS",
      "name": "Alpaca - Cabernet Sauvignon - 750ML",
      "brand": "Alpaca",
      "category": "Bier en wijn",
      "unit_size": "75 cl",
      "offer_price": 4.79,
      "normal_price": 4.79,
      "price_per_unit": 6.39,
      "price_unit": "l",
      "discount_tag": "voor 3,75",
      "promo_title": "Alpaca",
      "validity": "za 27 t/m wo 31 dec",
      "image_url": "https://www.jumbo.com/dam-images/fit-in/360x360/Products/22072024_1721637327392_1721637329942_7808704700270_1.png",
      "source_url": "https://www.jumbo.com/aanbiedingen/alpaca/3012693"
    },
    {
      "id": "673278PAK",
      "name": "Viper Hard Seltzer Peach, Cranberry, Lime Mixpack 6x250ML",
      "brand": "Viper",
      "category": "Bier en wijn",
      "unit_size": null,
      "offer_price": 10.39,
      "normal_price": 10.39,
      "price_per_unit": 6.93,
      "price_unit": "l",
      "discount_tag": "25% korting",
      "promo_title": "Hard Seltzers",
      "validity": "za 27 t/m wo 31 dec",
      "image_url": "https://www.jumbo.com/dam-images/fit-in/360x360/Products/29032025_1743215204556_1743215214620_673278_PAK_08716700019595_H1N1.png",
      "source_url": "https://www.jumbo.com/aanbiedingen/hard-seltzers/3012731"
    },
    {
      "id": "685494BLK",
      "name": "Bozu Night Fuel Vodka Energy 250ML",
      "brand": "BOZU",
      "category": "Bier en wijn",
      "unit_size": null,
      "offer_price": 2.19,
      "normal_price": 2.19,
      "price_per_unit": 8.76,
      "price_unit": "l",
      "discount_tag": "25% korting",
      "promo_title": "Hard Seltzers",
      "validity": "za 27 t/m wo 31 dec",
      "image_url": "https://www.jumbo.com/dam-images/fit-in/360x360/Products/08721161861058A1N1aaddb64f-8b8b-488f-9e96-10db09ea6e62-1749548841451.png",
      "source_url": "https://www.jumbo.com/aanbiedingen/hard-seltzers/3012731"
    },
    {
      "id": "613732BLK",
      "name": "Bozu Mango Iced Tea 250ml",
      "brand": "BOZU",
      "category": "Bier en wijn",
      "unit_size": "25 cl",
      "offer_price": 2.19,
      "normal_price": 2.19,
      "price_per_unit": 8.76,
      "price_unit": "l",
      "discount_tag": "25% korting",
      "promo_title": "Hard Seltzers",
      "validity": "za 27 t/m wo 31 dec",
      "image_url": "https://www.jumbo.com/dam-images/fit-in/360x360/Products/19112025_1763547183357_1763547186541_613732_BLK_08719327712184_C1N1.png",
      "source_url": "https://www.jumbo.com/aanbiedingen/hard-seltzers/3012731"
    },
    {
      "id": "679469DS",
      "name": "Stelz Hard Iced Tea Lemon & Mango 4x250ML",
      "brand": "Stelz",
      "category": "Bier en wijn",
      "unit_size": null,
      "offer_price": 8.79,
      "normal_price": 8.79,
      "price_per_unit": 8.79,
      "price_unit": "l",
      "discount_tag": "25% korting",
      "promo_title": "Hard Seltzers",
      "validity": "za 27 t/m wo 31 dec",
      "image_url": "https://www.jumbo.com/dam-images/fit-in/360x360/Products/StelzHardIcedTeaMix4packLemonMangojune2024vECOM5646cfd9-bfe4-455c-a7a1-e6f471d3b21d-1749800009697.png",
      "source_url": "https://www.jumbo.com/aanbiedingen/hard-seltzers/3012731"
    },
    {
      "id": "540627BLK",
      "name": "White Claw Hard Seltzer Mango 330 ml",
      "brand": "White Claw",
      "category": "Bier en wijn",
      "unit_size": "330 ml",
      "offer_price": 2.29,
      "normal_price": 2.29,
      "price_per_unit": 6.94,
      "price_unit": "l",
      "discount_tag": "25% korting",
      "promo_title": "Hard Seltzers",
      "validity": "za 27 t/m wo 31 dec",
      "image_url": "https://www.jumbo.com/dam-images/fit-in/360x360/Products/08012025_1736346811322_1736346817147_5391537510441_1.png",
      "source_url": "https://www.jumbo.com/aanbiedingen/hard-seltzers/3012731"
    },
    {
      "id": "662381BLK",
      "name": "STËLZ Hard Iced Tea Lemon 250ML",
      "brand": "Stelz",
      "category": "Bier en wijn",
      "unit_size": null,
      "offer_price": 2.29,
      "normal_price": 2.29,
      "price_per_unit": 9.16,
      "price_unit": "l",
      "discount_tag": "25% korting",
      "promo_title": "Hard Seltzers",
      "validity": "za 27 t/m wo 31 dec",
      "image_url": "https://www.jumbo.com/dam-images/fit-in/360x360/Products/26112025_1764123485952_1764123486552_662381_BLK_08720865027234_A1N1.png",
      "source_url": "https://www.jumbo.com/aanbiedingen/hard-seltzers/3012731"
    },
    {
      "id": "709786DS",
      "name": "White Claw Mix-Pack blik 4x330ML",
      "brand": "White Claw",
      "category": "Bier en wijn",
      "unit_size": null,
      "offer_price": 8.29,
      "normal_price": 8.29,
      "price_per_unit": 6.28,
      "price_unit": "l",
      "discount_tag": "25% korting",
      "promo_title": "Hard Seltzers",
      "validity": "za 27 t/m wo 31 dec",
      "image_url": "https://www.jumbo.com/dam-images/fit-in/360x360/Products/14072025_1752490757195_1752490766079_709786_DS_05391537513121_H1N1.png",
      "source_url": "https://www.jumbo.com/aanbiedingen/hard-seltzers/3012731"
    },
    {
      "id": "709901PAK",
      "name": "STËLZ - Hard Seltzer - Raspberry / Passionfruit Voordeelpack - 6 x 250ML",
      "brand": "Stelz",
      "category": "Bier en wijn",
      "unit_size": null,
      "offer_price": 10.99,
      "normal_price": 10.99,
      "price_per_unit": 7.33,
      "price_unit": "l",
      "discount_tag": "25% korting",
      "promo_title": "Hard Seltzers",
      "validity": "za 27 t/m wo 31 dec",
      "image_url": "https://www.jumbo.com/dam-images/fit-in/360x360/Products/26112025_1764143316158_1764143318334_709901_PAK_08720865027296_A1N1.png",
      "source_url": "https://www.jumbo.com/aanbiedingen/hard-seltzers/3012731"
    },
    {
      "id": "679510DS",
      "name": "Gig Hard Lemonade 4x330ML",
      "brand": "Gig",
      "category": "Bier en wijn",
      "unit_size": null,
      "offer_price": 7.99,
      "normal_price": 7.99,
      "price_per_unit": 6.05,
      "price_unit": "l",
      "discount_tag": "25% korting",
      "promo_title": "Hard Seltzers",
      "validity": "za 27 t/m wo 31 dec",
      "image_url": "https://www.jumbo.com/dam-images/fit-in/360x360/Products/GIGHardLemonade8781c920-ffc7-4e7c-b04d-4a4bd6dd387d-1749636149679.png",
      "source_url": "https://www.jumbo.com/aanbiedingen/hard-seltzers/3012731"
    },
    {
      "id": "673342PAK",
      "name": "Viper Hard Seltzer Cherry / Tropical / Cranberry / Peach  Multipack 8x250ML",
      "brand": "Viper",
      "category": "Bier en wijn",
      "unit_size": null,
      "offer_price": 13.19,
      "normal_price": 13.19,
      "price_per_unit": 6.6,
      "price_unit": "l",
      "discount_tag": "25% korting",
      "promo_title": "Hard Seltzers",
      "validity": "za 27 t/m wo 31 dec",
      "image_url": "https://www.jumbo.com/dam-images/fit-in/360x360/Products/29032025_1743214740956_1743214748557_673342_PAK_08716700019687_H1N1.png",
      "source_url": "https://www.jumbo.com/aanbiedingen/hard-seltzers/3012731"
    },
    {
      "id": "709900PAK",
      "name": "Bozu Hard Iced Tea Mixpack 4x250ML",
      "brand": "BOZU",
      "category": "Bier en wijn",
      "unit_size": null,
      "offer_price": 8.59,
      "normal_price": 8.59,
      "price_per_unit": 8.59,
      "price_unit": "l",
      "discount_tag": "25% korting",
      "promo_title": "Hard Seltzers",
      "validity": "za 27 t/m wo 31 dec",
      "image_url": "https://www.jumbo.com/dam-images/fit-in/360x360/Products/Vooraanzichtb48a8f94-863f-4a2b-ac3f-cb12ee2a2425-1753262672437.png",
      "source_url": "https://www.jumbo.com/aanbiedingen/hard-seltzers/3012731"
    },
    {
      "id": "675584TRA",
      "name": "Bozu Hard Iced Tea Peach 4x250ML",
      "brand": "BOZU",
      "category": "Bier en wijn",
      "unit_size": null,
      "offer_price": 8.59,
      "normal_price": 8.59,
      "price_per_unit": 8.59,
      "price_unit": "l",
      "discount_tag": "25% korting",
      "promo_title": "Hard Seltzers",
      "validity": "za 27 t/m wo 31 dec",
      "image_url": "https://www.jumbo.com/dam-images/fit-in/360x360/Products/8719327544785T18e2cff84-f55c-4def-a4f6-9d3c0ddd0a06-1750940901713.png",
      "source_url": "https://www.jumbo.com/aanbiedingen/hard-seltzers/3012731"
    },
    {
      "id": "618911PAK",
      "name": "STËLZ - Hard Seltzer - Mixed Classics Spritz - 4 x 250ML",
      "brand": "Stelz",
      "category": "Bier en wijn",
      "unit_size": "4 x 250 ML",
      "offer_price": 8.39,
      "normal_price": 8.39,
      "price_per_unit": 8.39,
      "price_unit": "l",
      "discount_tag": "25% korting",
      "promo_title": "Hard Seltzers",
      "validity": "za 27 t/m wo 31 dec",
      "image_url": "https://www.jumbo.com/dam-images/fit-in/360x360/Products/19112025_1763555603126_1763555605466_618911_PAK_08720865027272_A1N1.png",
      "source_url": "https://www.jumbo.com/aanbiedingen/hard-seltzers/3012731"
    },
    {
      "id": "709902DS",
      "name": "STËLZ - Tropical - 4 x 250ML",
      "brand": "Stelz",
      "category": "Bier en wijn",
      "unit_size": null,
      "offer_price": 8.79,
      "normal_price": 8.79,
      "price_per_unit": 8.79,
      "price_unit": "l",
      "discount_tag": "25% korting",
      "promo_title": "Hard Seltzers",
      "validity": "za 27 t/m wo 31 dec",
      "image_url": "https://www.jumbo.com/dam-images/fit-in/360x360/Products/08720865027098A1N1045ea87a-61b2-4c35-ad39-a683b77e8aa8-1753262919073.png",
      "source_url": "https://www.jumbo.com/aanbiedingen/hard-seltzers/3012731"
    },
    {
      "id": "680334BLK",
      "name": "Bozu Iced Tea Sparkling 250ML",
      "brand": "BOZU",
      "category": "Bier en wijn",
      "unit_size": null,
      "offer_price": 2.19,
      "normal_price": 2.19,
      "price_per_unit": 8.76,
      "price_unit": "l",
      "discount_tag": "25% korting",
      "promo_title": "Hard Seltzers",
      "validity": "za 27 t/m wo 31 dec",
      "image_url": "https://www.jumbo.com/dam-images/fit-in/360x360/Products/16052025_1747363357942_1747363359226_680334_BLK_08721161861034_A1N1.png",
      "source_url": "https://www.jumbo.com/aanbiedingen/hard-seltzers/3012731"
    },
    {
      "id": "607297PAK",
      "name": "GiG - Hard Seltzer - Variety Pack - 4 x 330ML",
      "brand": "Gig",
      "category": "Bier en wijn",
      "unit_size": null,
      "offer_price": 7.49,
      "normal_price": 7.49,
      "price_per_unit": 5.67,
      "price_unit": "l",
      "discount_tag": "25% korting",
      "promo_title": "Hard Seltzers",
      "validity": "za 27 t/m wo 31 dec",
      "image_url": "https://www.jumbo.com/dam-images/fit-in/360x360/Products/27022024_1709051592945_1709051606003_8720865109220_1.png",
      "source_url": "https://www.jumbo.com/aanbiedingen/hard-seltzers/3012731"
    },
    {
      "id": "649209DS",
      "name": "White Claw Hard Seltzer Watermelon 330ML",
      "brand": "White Claw",
      "category": "Bier en wijn",
      "unit_size": null,
      "offer_price": 9.4,
      "normal_price": 9.4,
      "price_per_unit": 7.12,
      "price_unit": "l",
      "discount_tag": "25% korting",
      "promo_title": "Hard Seltzers",
      "validity": "za 27 t/m wo 31 dec",
      "image_url": "https://www.jumbo.com/dam-images/fit-in/360x360/Products/05391537511479H1N1e1c26254-9500-4b81-ad95-73cdbbb5c12e-1728542707040.png",
      "source_url": "https://www.jumbo.com/aanbiedingen/hard-seltzers/3012731"
    },
    {
      "id": "535738BLK",
      "name": "STËLZ - Hard Seltzer - Raspberry - 250ML",
      "brand": "Stelz",
      "category": "Bier en wijn",
      "unit_size": null,
      "offer_price": 2.29,
      "normal_price": 2.29,
      "price_per_unit": 9.16,
      "price_unit": "l",
      "discount_tag": "25% korting",
      "promo_title": "Hard Seltzers",
      "validity": "za 27 t/m wo 31 dec",
      "image_url": "https://www.jumbo.com/dam-images/fit-in/360x360/Products/26112025_1764125464268_1764125464813_535738_BLK_08719327682302_H1N1.png",
      "source_url": "https://www.jumbo.com/aanbiedingen/hard-seltzers/3012731"
    },
    {
      "id": "673341PAK",
      "name": "Viper Hard Seltzer Cherry / Tropical Multipack 4x250ML",
      "brand": "Viper",
      "category": "Bier en wijn",
      "unit_size": null,
      "offer_price": 7.99,
      "normal_price": 7.99,
      "price_per_unit": 7.99,
      "price_unit": "l",
      "discount_tag": "25% korting",
      "promo_title": "Hard Seltzers",
      "validity": "za 27 t/m wo 31 dec",
      "image_url": "https://www.jumbo.com/dam-images/fit-in/360x360/Products/29032025_1743214720097_1743214727690_673341_PAK_08716700019625_H1N1.png",
      "source_url": "https://www.jumbo.com/aanbiedingen/hard-seltzers/3012731"
    },
    {
      "id": "673279PAK",
      "name": "Viper Hard Seltzer Cherry / Tropical / Cranberry / Peach Multipack 4x250ML",
      "brand": "Viper",
      "category": "Bier en wijn",
      "unit_size": null,
      "offer_price": 7.99,
      "normal_price": 7.99,
      "price_per_unit": 7.99,
      "price_unit": "l",
      "discount_tag": "25% korting",
      "promo_title": "Hard Seltzers",
      "validity": "za 27 t/m wo 31 dec",
      "image_url": "https://www.jumbo.com/dam-images/fit-in/360x360/Products/29032025_1743215229340_1743215236899_673279_PAK_08716700019663_H1N1.png",
      "source_url": "https://www.jumbo.com/aanbiedingen/hard-seltzers/3012731"
    },
    {
      "id": "673393BLK",
      "name": "Viper Hard Seltzer Peach 250ML",
      "brand": "Viper",
      "category": "Bier en wijn",
      "unit_size": null,
      "offer_price": 2.19,
      "normal_price": 2.19,
      "price_per_unit": 8.76,
      "price_unit": "l",
      "discount_tag": "25% korting",
      "promo_title": "Hard Seltzers",
      "validity": "za 27 t/m wo 31 dec",
      "image_url": "https://www.jumbo.com/dam-images/fit-in/360x360/Products/19122025_1766111221633_1766111229351_673393_BLK_08716700019564_H1N1.png",
      "source_url": "https://www.jumbo.com/aanbiedingen/hard-seltzers/3012731"
    },
    {
      "id": "672913DS",
      "name": "Stelz Hard Iced Tea Peach & Lemon 6x250ML",
      "brand": "Stelz",
      "category": "Bier en wijn",
      "unit_size": null,
      "offer_price": 10.99,
      "normal_price": 10.99,
      "price_per_unit": 7.33,
      "price_unit": "l",
      "discount_tag": "25% korting",
      "promo_title": "Hard Seltzers",
      "validity": "za 27 t/m wo 31 dec",
      "image_url": "https://www.jumbo.com/dam-images/fit-in/360x360/Products/09052025_1746761201408_1746761203385_672913_DS_08720865027555_C1N1.png",
      "source_url": "https://www.jumbo.com/aanbiedingen/hard-seltzers/3012731"
    },
    {
      "id": "535536TRA",
      "name": "STËLZ - Hard Seltzer - Multipack - 4 x 250ML",
      "brand": "Stelz",
      "category": "Bier en wijn",
      "unit_size": null,
      "offer_price": 8.39,
      "normal_price": 8.39,
      "price_per_unit": 8.39,
      "price_unit": "l",
      "discount_tag": "25% korting",
      "promo_title": "Hard Seltzers",
      "validity": "za 27 t/m wo 31 dec",
      "image_url": "https://www.jumbo.com/dam-images/fit-in/360x360/Products/StelzHardSeltzerMix01JUN2024vECOMf8eaf824-f164-47ac-92f6-3e692f67aa20-1750253552466.png",
      "source_url": "https://www.jumbo.com/aanbiedingen/hard-seltzers/3012731"
    },
    {
      "id": "673277PAK",
      "name": "Viper Hard Seltzer Ice Tea - Mango 4x250ML",
      "brand": "Viper",
      "category": "Bier en wijn",
      "unit_size": null,
      "offer_price": 7.99,
      "normal_price": 7.99,
      "price_per_unit": 7.99,
      "price_unit": "l",
      "discount_tag": "25% korting",
      "promo_title": "Hard Seltzers",
      "validity": "za 27 t/m wo 31 dec",
      "image_url": "https://www.jumbo.com/dam-images/fit-in/360x360/Products/29032025_1743215192264_1743215200716_673277_PAK_08716700019632_H1N1.png",
      "source_url": "https://www.jumbo.com/aanbiedingen/hard-seltzers/3012731"
    },
    {
      "id": "533218PAK",
      "name": "Coca-Cola Zero Sugar 12 x 330 ml",
      "brand": "Coca-Cola",
      "category": "Frisdrank en sappen",
      "unit_size": "12 x 330 ml",
      "offer_price": 9.69,
      "normal_price": 9.69,
      "price_per_unit": 2.45,
      "price_unit": "l",
      "discount_tag": "voor 7,49",
      "promo_title": "Coca-Cola of Fanta Orange",
      "validity": "za 27 t/m wo 31 dec",
      "image_url": "https://www.jumbo.com/dam-images/fit-in/360x360/Products/01122025_1764550815644_1764550820427_5000112659085_1.png",
      "source_url": "https://www.jumbo.com/aanbiedingen/coca-cola-of-fanta-orange/3012616"
    },
    {
      "id": "533224PAK",
      "name": "Fanta Orange Blik 12 x 0,33 L",
      "brand": "Fanta",
      "category": "Frisdrank en sappen",
      "unit_size": "12 x 330 ml",
      "offer_price": 9.99,
      "normal_price": 9.99,
      "price_per_unit": 2.52,
      "price_unit": "l",
      "discount_tag": "voor 7,49",
      "promo_title": "Coca-Cola of Fanta Orange",
      "validity": "za 27 t/m wo 31 dec",
      "image_url": "https://www.jumbo.com/dam-images/fit-in/360x360/Products/08012024_1704706383083_1704706389492_5000112659658_1.png",
      "source_url": "https://www.jumbo.com/aanbiedingen/coca-cola-of-fanta-orange/3012616"
    },
    {
      "id": "533151PAK",
      "name": "Coca-Cola Original Taste 12 x 330 ml",
      "brand": "Coca-Cola",
      "category": "Frisdrank en sappen",
      "unit_size": "12 x 330 ml",
      "offer_price": 9.89,
      "normal_price": 9.89,
      "price_per_unit": 2.5,
      "price_unit": "l",
      "discount_tag": "voor 7,49",
      "promo_title": "Coca-Cola of Fanta Orange",
      "validity": "za 27 t/m wo 31 dec",
      "image_url": "https://www.jumbo.com/dam-images/fit-in/360x360/Products/01122025_1764550815469_1764550820598_5000112659061_1.png",
      "source_url": "https://www.jumbo.com/aanbiedingen/coca-cola-of-fanta-orange/3012616"
    },
    {
      "id": "553393PAK",
      "name": "Fanta Orange zero sugar 12 x 330 ml",
      "brand": "Fanta",
      "category": "Frisdrank en sappen",
      "unit_size": "12 x 330 ml",
      "offer_price": 9.99,
      "normal_price": 9.99,
      "price_per_unit": 2.52,
      "price_unit": "l",
      "discount_tag": "voor 7,49",
      "promo_title": "Coca-Cola of Fanta Orange",
      "validity": "za 27 t/m wo 31 dec",
      "image_url": "https://www.jumbo.com/dam-images/fit-in/360x360/Products/11012024_1704983644894_1704983651492_5000112504859_1.png",
      "source_url": "https://www.jumbo.com/aanbiedingen/coca-cola-of-fanta-orange/3012616"
    },
    {
      "id": "652382BUS",
      "name": "Pringles Paprika 165 g",
      "brand": "Pringles",
      "category": "Koek, snoep, chocolade en chips",
      "unit_size": "165 g",
      "offer_price": 2.69,
      "normal_price": 2.69,
      "price_per_unit": 16.3,
      "price_unit": "kg",
      "discount_tag": "2 voor 3,50",
      "promo_title": "Pringles",
      "validity": "za 27 t/m wo 31 dec",
      "image_url": "https://www.jumbo.com/dam-images/fit-in/360x360/Products/13092025_1757730887406_1757730896016_652382_BUS_05053990161669_A1N1.png",
      "source_url": "https://www.jumbo.com/aanbiedingen/pringles/3012615"
    },
    {
      "id": "677799STK",
      "name": "Pringles Texas Barbecuesaus 165 g",
      "brand": "Pringles",
      "category": "Koek, snoep, chocolade en chips",
      "unit_size": "165 g",
      "offer_price": 2.69,
      "normal_price": 2.69,
      "price_per_unit": 16.3,
      "price_unit": "kg",
      "discount_tag": "2 voor 3,50",
      "promo_title": "Pringles",
      "validity": "za 27 t/m wo 31 dec",
      "image_url": "https://www.jumbo.com/dam-images/fit-in/360x360/Products/24112025_1763955378362_1763955403430_677799_STK_05053990161966_H1N1.png",
      "source_url": "https://www.jumbo.com/aanbiedingen/pringles/3012615"
    },
    {
      "id": "652384BUS",
      "name": "Pringles Zure Room & Uien 165 g",
      "brand": "Pringles",
      "category": "Koek, snoep, chocolade en chips",
      "unit_size": "165 g",
      "offer_price": 2.69,
      "normal_price": 2.69,
      "price_per_unit": 16.3,
      "price_unit": "kg",
      "discount_tag": "2 voor 3,50",
      "promo_title": "Pringles",
      "validity": "za 27 t/m wo 31 dec",
      "image_url": "https://www.jumbo.com/dam-images/fit-in/360x360/Products/05082025_1754355791281_1754355795406_652384_BUS_.png",
      "source_url": "https://www.jumbo.com/aanbiedingen/pringles/3012615"
    },
    {
      "id": "651800BUS",
      "name": "Pringles Original 165 g",
      "brand": "Pringles",
      "category": "Koek, snoep, chocolade en chips",
      "unit_size": "165 g",
      "offer_price": 2.69,
      "normal_price": 2.69,
      "price_per_unit": 16.3,
      "price_unit": "kg",
      "discount_tag": "2 voor 3,50",
      "promo_title": "Pringles",
      "validity": "za 27 t/m wo 31 dec",
      "image_url": "https://www.jumbo.com/dam-images/fit-in/360x360/Products/23072025_1753233770125_1753233777924_651800_BUS_.png",
      "source_url": "https://www.jumbo.com/aanbiedingen/pringles/3012615"
    },
    {
      "id": "652385BUS",
      "name": "Pringles Pittig Gekruid 165 g",
      "brand": "Pringles",
      "category": "Koek, snoep, chocolade en chips",
      "unit_size": "165 g",
      "offer_price": 2.69,
      "normal_price": 2.69,
      "price_per_unit": 16.3,
      "price_unit": "kg",
      "discount_tag": "2 voor 3,50",
      "promo_title": "Pringles",
      "validity": "za 27 t/m wo 31 dec",
      "image_url": "https://www.jumbo.com/dam-images/fit-in/360x360/Products/24112025_1763962648239_1763962651485_652385_BUS_.png",
      "source_url": "https://www.jumbo.com/aanbiedingen/pringles/3012615"
    },
    {
      "id": "449005FLS",
      "name": "Neleman - Garnacha - Biologisch - 750ML",
      "brand": "Neleman",
      "category": "Bier en wijn",
      "unit_size": "750 ml.",
      "offer_price": 6.49,
      "normal_price": 6.49,
      "price_per_unit": 8.65,
      "price_unit": "l",
      "discount_tag": "2e halve prijs",
      "promo_title": "Biologische wijnen",
      "validity": "za 27 t/m wo 31 dec",
      "image_url": "https://www.jumbo.com/dam-images/fit-in/360x360/Products/12112025_1762965192815_1762965195802_8720254239385_1.png",
      "source_url": "https://www.jumbo.com/aanbiedingen/biologische-wijnen/3012741"
    },
    {
      "id": "514802FLS",
      "name": "Bayridge - Chardonnay - Biologisch - 750ML",
      "brand": "Bayridge",
      "category": "Bier en wijn",
      "unit_size": "750 ml",
      "offer_price": 12.5,
      "normal_price": 12.5,
      "price_per_unit": 16.67,
      "price_unit": "l",
      "discount_tag": "2e halve prijs",
      "promo_title": "Biologische wijnen",
      "validity": "za 27 t/m wo 31 dec",
      "image_url": "https://www.jumbo.com/dam-images/fit-in/360x360/Products/09082023_1691592916102_1691592921292_6009835630738_1.png",
      "source_url": "https://www.jumbo.com/aanbiedingen/biologische-wijnen/3012741"
    },
    {
      "id": "208368FLS",
      "name": "Buontalenti - Chianti Riserva - Biologisch - 750ML",
      "brand": "Buontalenti",
      "category": "Bier en wijn",
      "unit_size": "750 ml",
      "offer_price": 15.49,
      "normal_price": 15.49,
      "price_per_unit": 20.65,
      "price_unit": "l",
      "discount_tag": "2e halve prijs",
      "promo_title": "Biologische wijnen",
      "validity": "za 27 t/m wo 31 dec",
      "image_url": "https://www.jumbo.com/dam-images/fit-in/360x360/Products/29092023_1695996431782_1695996434840_8032937130521_1.png",
      "source_url": "https://www.jumbo.com/aanbiedingen/biologische-wijnen/3012741"
    },
    {
      "id": "449992FLS",
      "name": "Les Carrons - Touraine - Sauvignon Blanc - Biologisch - 750ML",
      "brand": "Les Carrons",
      "category": "Bier en wijn",
      "unit_size": "750 ml",
      "offer_price": 9.99,
      "normal_price": 9.99,
      "price_per_unit": 13.32,
      "price_unit": "l",
      "discount_tag": "2e halve prijs",
      "promo_title": "Biologische wijnen",
      "validity": "za 27 t/m wo 31 dec",
      "image_url": "https://www.jumbo.com/dam-images/fit-in/360x360/Products/30102024_1730260637136_1730260639167_449992_FLS_03380330004327_C1N1.png",
      "source_url": "https://www.jumbo.com/aanbiedingen/biologische-wijnen/3012741"
    },
    {
      "id": "383530FLS",
      "name": "Domaine François Schwach - Gewurztraminer - Biologisch - 750ML",
      "brand": "Domaine Schwach",
      "category": "Bier en wijn",
      "unit_size": "750 ml",
      "offer_price": 12.99,
      "normal_price": 12.99,
      "price_per_unit": 17.32,
      "price_unit": "l",
      "discount_tag": "2e halve prijs",
      "promo_title": "Biologische wijnen",
      "validity": "za 27 t/m wo 31 dec",
      "image_url": "https://www.jumbo.com/dam-images/fit-in/360x360/Products/29092023_1695995344768_1695995346995_3760167371043_1.png",
      "source_url": "https://www.jumbo.com/aanbiedingen/biologische-wijnen/3012741"
    },
    {
      "id": "612483FLS",
      "name": "Domaine Garrabou - Fontvieille Limoux Chardonnay - 750 ML",
      "brand": "Domaine Garrabou",
      "category": "Bier en wijn",
      "unit_size": "75 CL",
      "offer_price": 12.99,
      "normal_price": 12.99,
      "price_per_unit": 17.32,
      "price_unit": "l",
      "discount_tag": "2e halve prijs",
      "promo_title": "Biologische wijnen",
      "validity": "za 27 t/m wo 31 dec",
      "image_url": "https://www.jumbo.com/dam-images/fit-in/360x360/Products/16042024_1713274452342_1713274454789_3700619353579_1.png",
      "source_url": "https://www.jumbo.com/aanbiedingen/biologische-wijnen/3012741"
    },
    {
      "id": "438237FLS",
      "name": "Neleman - Cava - Biologisch - 750ML",
      "brand": "Neleman",
      "category": "Bier en wijn",
      "unit_size": "750 ml.",
      "offer_price": 9.99,
      "normal_price": 9.99,
      "price_per_unit": 13.32,
      "price_unit": "l",
      "discount_tag": "2e halve prijs",
      "promo_title": "Biologische wijnen",
      "validity": "za 27 t/m wo 31 dec",
      "image_url": "https://www.jumbo.com/dam-images/fit-in/360x360/Products/12112025_1762965192374_1762965195241_8720254239422_1.png",
      "source_url": "https://www.jumbo.com/aanbiedingen/biologische-wijnen/3012741"
    },
    {
      "id": "449002FLS",
      "name": "Neleman - Tempranillo - Biologisch 750ML",
      "brand": "Neleman",
      "category": "Bier en wijn",
      "unit_size": "750 ml.",
      "offer_price": 6.49,
      "normal_price": 6.49,
      "price_per_unit": 8.65,
      "price_unit": "l",
      "discount_tag": "2e halve prijs",
      "promo_title": "Biologische wijnen",
      "validity": "za 27 t/m wo 31 dec",
      "image_url": "https://www.jumbo.com/dam-images/fit-in/360x360/Products/12112025_1762965192479_1762965195366_8720598150087_1.png",
      "source_url": "https://www.jumbo.com/aanbiedingen/biologische-wijnen/3012741"
    },
    {
      "id": "436684FLS",
      "name": "Jumbo - Cabernet Sauvignon - Biologisch - 750 ML",
      "brand": "Jumbo",
      "category": "Bier en wijn",
      "unit_size": "750 ml",
      "offer_price": 4.99,
      "normal_price": 4.99,
      "price_per_unit": 6.65,
      "price_unit": "l",
      "discount_tag": "2e halve prijs",
      "promo_title": "Biologische wijnen",
      "validity": "za 27 t/m wo 31 dec",
      "image_url": "https://www.jumbo.com/dam-images/fit-in/360x360/Products/08092023_1694187243586_1694187245532_8718452661398_1.png",
      "source_url": "https://www.jumbo.com/aanbiedingen/biologische-wijnen/3012741"
    },
    {
      "id": "435480FLS",
      "name": "Jumbo - Pinot Grigio Rosé - Biologisch - 750ML",
      "brand": "Jumbo",
      "category": "Bier en wijn",
      "unit_size": "750 ml",
      "offer_price": 4.99,
      "normal_price": 4.99,
      "price_per_unit": 6.65,
      "price_unit": "l",
      "discount_tag": "2e halve prijs",
      "promo_title": "Biologische wijnen",
      "validity": "za 27 t/m wo 31 dec",
      "image_url": "https://www.jumbo.com/dam-images/fit-in/360x360/Products/09082023_1691592915432_1691592919308_8718452661350_1.png",
      "source_url": "https://www.jumbo.com/aanbiedingen/biologische-wijnen/3012741"
    },
    {
      "id": "625072FLS",
      "name": "Neleman - Tempranillo Especial - 750ML",
      "brand": "Neleman",
      "category": "Bier en wijn",
      "unit_size": "750 ml",
      "offer_price": 9.99,
      "normal_price": 9.99,
      "price_per_unit": 13.32,
      "price_unit": "l",
      "discount_tag": "2e halve prijs",
      "promo_title": "Biologische wijnen",
      "validity": "za 27 t/m wo 31 dec",
      "image_url": "https://www.jumbo.com/dam-images/fit-in/360x360/Products/12112025_1762965192316_1762965195434_8720574872163_1.png",
      "source_url": "https://www.jumbo.com/aanbiedingen/biologische-wijnen/3012741"
    },
    {
      "id": "449014FLS",
      "name": "Neleman - Macabeo - Chardonnay - Biologisch 750ML",
      "brand": "Neleman",
      "category": "Bier en wijn",
      "unit_size": "750 ml.",
      "offer_price": 6.49,
      "normal_price": 6.49,
      "price_per_unit": 8.65,
      "price_unit": "l",
      "discount_tag": "2e halve prijs",
      "promo_title": "Biologische wijnen",
      "validity": "za 27 t/m wo 31 dec",
      "image_url": "https://www.jumbo.com/dam-images/fit-in/360x360/Products/12112025_1762965192567_1762965195342_8720254239347_1.png",
      "source_url": "https://www.jumbo.com/aanbiedingen/biologische-wijnen/3012741"
    },
    {
      "id": "686083FLS",
      "name": "Terre di Faiano - Nero d'Avola - Biologisch 750ML",
      "brand": "Terre di Faiano",
      "category": "Bier en wijn",
      "unit_size": "75 cl",
      "offer_price": 6.99,
      "normal_price": 6.99,
      "price_per_unit": 9.32,
      "price_unit": "l",
      "discount_tag": "2e halve prijs",
      "promo_title": "Biologische wijnen",
      "validity": "za 27 t/m wo 31 dec",
      "image_url": "https://www.jumbo.com/dam-images/fit-in/360x360/Products/27052025_1748349169386_1748349175186_8052432832829_1.png",
      "source_url": "https://www.jumbo.com/aanbiedingen/biologische-wijnen/3012741"
    },
    {
      "id": "369991FLS",
      "name": "Belhara Estate  Malbec  Biologisch  750ML",
      "brand": "Belhara Estate",
      "category": "Bier en wijn",
      "unit_size": "75 cl",
      "offer_price": 9.49,
      "normal_price": 9.49,
      "price_per_unit": 12.65,
      "price_unit": "l",
      "discount_tag": "2e halve prijs",
      "promo_title": "Biologische wijnen",
      "validity": "za 27 t/m wo 31 dec",
      "image_url": "https://www.jumbo.com/dam-images/fit-in/360x360/Products/09082023_1691587248514_1691587256824_7798304610034_1.png",
      "source_url": "https://www.jumbo.com/aanbiedingen/biologische-wijnen/3012741"
    },
    {
      "id": "514803FLS",
      "name": "Bayridge - Merlot - Biologisch - 750ML",
      "brand": "Bayridge",
      "category": "Bier en wijn",
      "unit_size": "750 ml",
      "offer_price": 12.5,
      "normal_price": 12.5,
      "price_per_unit": 16.67,
      "price_unit": "l",
      "discount_tag": "2e halve prijs",
      "promo_title": "Biologische wijnen",
      "validity": "za 27 t/m wo 31 dec",
      "image_url": "https://www.jumbo.com/dam-images/fit-in/360x360/Products/25032024_1711381336298_1711381342015_6009835630608_1.png",
      "source_url": "https://www.jumbo.com/aanbiedingen/biologische-wijnen/3012741"
    },
    {
      "id": "453879FLS",
      "name": "Gustavshof - Spatburgunder - Biologisch - 750ML",
      "brand": "Gustavshof",
      "category": "Bier en wijn",
      "unit_size": "0.75 L",
      "offer_price": 11.49,
      "normal_price": 11.49,
      "price_per_unit": 15.32,
      "price_unit": "l",
      "discount_tag": "2e halve prijs",
      "promo_title": "Biologische wijnen",
      "validity": "za 27 t/m wo 31 dec",
      "image_url": "https://www.jumbo.com/dam-images/fit-in/360x360/Products/09082023_1691596458036_1691596459603_4260065960671_1.png",
      "source_url": "https://www.jumbo.com/aanbiedingen/biologische-wijnen/3012741"
    },
    {
      "id": "449011FLS",
      "name": "Neleman - Verdejo - Biologisch - 750ML",
      "brand": "Neleman",
      "category": "Bier en wijn",
      "unit_size": "750 ml.",
      "offer_price": 6.49,
      "normal_price": 6.49,
      "price_per_unit": 8.65,
      "price_unit": "l",
      "discount_tag": "2e halve prijs",
      "promo_title": "Biologische wijnen",
      "validity": "za 27 t/m wo 31 dec",
      "image_url": "https://www.jumbo.com/dam-images/fit-in/360x360/Products/12112025_1762965192596_1762965195252_8720254239361_1.png",
      "source_url": "https://www.jumbo.com/aanbiedingen/biologische-wijnen/3012741"
    },
    {
      "id": "449006FLS",
      "name": "Neleman -Tempranillo Rosé - Biologisch - 750ML",
      "brand": "Neleman",
      "category": "Bier en wijn",
      "unit_size": "750 ml.",
      "offer_price": 6.49,
      "normal_price": 6.49,
      "price_per_unit": 8.65,
      "price_unit": "l",
      "discount_tag": "2e halve prijs",
      "promo_title": "Biologische wijnen",
      "validity": "za 27 t/m wo 31 dec",
      "image_url": "https://www.jumbo.com/dam-images/fit-in/360x360/Products/12112025_1762965192849_1762965195858_8720254239408_1.png",
      "source_url": "https://www.jumbo.com/aanbiedingen/biologische-wijnen/3012741"
    },
    {
      "id": "435481FLS",
      "name": "Jumbo - Merlot - Biologisch - 750 ML",
      "brand": "Jumbo",
      "category": "Bier en wijn",
      "unit_size": "750 ml",
      "offer_price": 4.99,
      "normal_price": 4.99,
      "price_per_unit": 6.65,
      "price_unit": "l",
      "discount_tag": "2e halve prijs",
      "promo_title": "Biologische wijnen",
      "validity": "za 27 t/m wo 31 dec",
      "image_url": "https://www.jumbo.com/dam-images/fit-in/360x360/Products/12022024_1707726851738_1707726856990_8718452748457_1.png",
      "source_url": "https://www.jumbo.com/aanbiedingen/biologische-wijnen/3012741"
    },
    {
      "id": "625071FLS",
      "name": "Neleman - Chardonnay Especial - 750ML",
      "brand": "Neleman",
      "category": "Bier en wijn",
      "unit_size": "750 ml",
      "offer_price": 9.99,
      "normal_price": 9.99,
      "price_per_unit": 13.32,
      "price_unit": "l",
      "discount_tag": "2e halve prijs",
      "promo_title": "Biologische wijnen",
      "validity": "za 27 t/m wo 31 dec",
      "image_url": "https://www.jumbo.com/dam-images/fit-in/360x360/Products/12112025_1762965192264_1762965195251_8720574872187_1.png",
      "source_url": "https://www.jumbo.com/aanbiedingen/biologische-wijnen/3012741"
    },
    {
      "id": "566474FLS",
      "name": "Domaine Schwach - Muscat - Biologisch - 750ML",
      "brand": "Domaine Schwach",
      "category": "Bier en wijn",
      "unit_size": "750 ml",
      "offer_price": 9.99,
      "normal_price": 9.99,
      "price_per_unit": 13.32,
      "price_unit": "l",
      "discount_tag": "2e halve prijs",
      "promo_title": "Biologische wijnen",
      "validity": "za 27 t/m wo 31 dec",
      "image_url": "https://www.jumbo.com/dam-images/fit-in/360x360/Products/09082023_1691596460369_1691596463624_3760167371036_1.png",
      "source_url": "https://www.jumbo.com/aanbiedingen/biologische-wijnen/3012741"
    },
    {
      "id": "188166FLS",
      "name": "EL BIO - Verdejo - Sauvignon Blanc - Biologisch - 750ML",
      "brand": "El Bio",
      "category": "Bier en wijn",
      "unit_size": "75 cl",
      "offer_price": 5.69,
      "normal_price": 5.69,
      "price_per_unit": 7.59,
      "price_unit": "l",
      "discount_tag": "2e halve prijs",
      "promo_title": "Biologische wijnen",
      "validity": "za 27 t/m wo 31 dec",
      "image_url": "https://www.jumbo.com/dam-images/fit-in/360x360/Products/24072024_1721835319250_1721835321962_8436561121144_1.png",
      "source_url": "https://www.jumbo.com/aanbiedingen/biologische-wijnen/3012741"
    },
    {
      "id": "431248FLS",
      "name": "Stift Altenburg - Grüner Veltliner - Biologisch - 750ML",
      "brand": "Stift Altenburg",
      "category": "Bier en wijn",
      "unit_size": null,
      "offer_price": 9.99,
      "normal_price": 9.99,
      "price_per_unit": 13.32,
      "price_unit": "l",
      "discount_tag": "2e halve prijs",
      "promo_title": "Biologische wijnen",
      "validity": "za 27 t/m wo 31 dec",
      "image_url": "https://www.jumbo.com/dam-images/fit-in/360x360/Products/18092023_1695049065953_1695049070535_9005634995952_1.png",
      "source_url": "https://www.jumbo.com/aanbiedingen/biologische-wijnen/3012741"
    },
    {
      "id": "673445FLS",
      "name": "Sonrisa - Bobal Tempranillo - 750ML",
      "brand": "Sonrisa",
      "category": "Bier en wijn",
      "unit_size": "750 ml.",
      "offer_price": 3.69,
      "normal_price": 3.69,
      "price_per_unit": 4.92,
      "price_unit": "l",
      "discount_tag": "2e halve prijs",
      "promo_title": "Biologische wijnen",
      "validity": "za 27 t/m wo 31 dec",
      "image_url": "https://www.jumbo.com/dam-images/fit-in/360x360/Products/26032025_1743003191348_1743003194933_8420202008079_1.png",
      "source_url": "https://www.jumbo.com/aanbiedingen/biologische-wijnen/3012741"
    },
    {
      "id": "96272FLS",
      "name": "Tussock Jumper - Tempranillo - 750ML",
      "brand": "Tussock Jumper",
      "category": "Bier en wijn",
      "unit_size": "750 ML",
      "offer_price": 5.49,
      "normal_price": 5.49,
      "price_per_unit": 7.32,
      "price_unit": "l",
      "discount_tag": "2e halve prijs",
      "promo_title": "Biologische wijnen",
      "validity": "za 27 t/m wo 31 dec",
      "image_url": "https://www.jumbo.com/dam-images/fit-in/360x360/Products/01072025_1751383989686_1751383994684_3760204540180_1.png",
      "source_url": "https://www.jumbo.com/aanbiedingen/biologische-wijnen/3012741"
    },
    {
      "id": "567571FLS",
      "name": "Domaine François Schwach - Pinot Gris – Biologisch - 750ML",
      "brand": "Domaine Schwach",
      "category": "Bier en wijn",
      "unit_size": "750 ml",
      "offer_price": 13.99,
      "normal_price": 13.99,
      "price_per_unit": 18.65,
      "price_unit": "l",
      "discount_tag": "2e halve prijs",
      "promo_title": "Biologische wijnen",
      "validity": "za 27 t/m wo 31 dec",
      "image_url": "https://www.jumbo.com/dam-images/fit-in/360x360/Products/29082023_1693312442866_1693312444631_3760167371067_1.png",
      "source_url": "https://www.jumbo.com/aanbiedingen/biologische-wijnen/3012741"
    },
    {
      "id": "435482FLS",
      "name": "Jumbo - Sauvignon Blanc - Biologisch - 750 ML",
      "brand": "Jumbo",
      "category": "Bier en wijn",
      "unit_size": "750 ml",
      "offer_price": 4.99,
      "normal_price": 4.99,
      "price_per_unit": 6.65,
      "price_unit": "l",
      "discount_tag": "2e halve prijs",
      "promo_title": "Biologische wijnen",
      "validity": "za 27 t/m wo 31 dec",
      "image_url": "https://www.jumbo.com/dam-images/fit-in/360x360/Products/20122024_1734687182858_1734687185443_8718452661374_1.png",
      "source_url": "https://www.jumbo.com/aanbiedingen/biologische-wijnen/3012741"
    },
    {
      "id": "673440FLS",
      "name": "Sonrisa - Bobal Rosado - 750ML",
      "brand": "Sonrisa",
      "category": "Bier en wijn",
      "unit_size": "750 ml.",
      "offer_price": 3.69,
      "normal_price": 3.69,
      "price_per_unit": 4.92,
      "price_unit": "l",
      "discount_tag": "2e halve prijs",
      "promo_title": "Biologische wijnen",
      "validity": "za 27 t/m wo 31 dec",
      "image_url": "https://www.jumbo.com/dam-images/fit-in/360x360/Products/11042025_1744378429016_1744378433202_8420202008062_1.png",
      "source_url": "https://www.jumbo.com/aanbiedingen/biologische-wijnen/3012741"
    },
    {
      "id": "438183FLS",
      "name": "Jumbo - Pinot Grigio - Biologisch - 750 ML",
      "brand": "Jumbo",
      "category": "Bier en wijn",
      "unit_size": "750 ml",
      "offer_price": 4.99,
      "normal_price": 4.99,
      "price_per_unit": 6.65,
      "price_unit": "l",
      "discount_tag": "2e halve prijs",
      "promo_title": "Biologische wijnen",
      "validity": "za 27 t/m wo 31 dec",
      "image_url": "https://www.jumbo.com/dam-images/fit-in/360x360/Products/29092023_1695996346960_1695996348864_8718452661404_1.png",
      "source_url": "https://www.jumbo.com/aanbiedingen/biologische-wijnen/3012741"
    },
    {
      "id": "673441FLS",
      "name": "Sonrisa - Verdejo - 750ML",
      "brand": "Sonrisa",
      "category": "Bier en wijn",
      "unit_size": "750 ml.",
      "offer_price": 3.99,
      "normal_price": 3.99,
      "price_per_unit": 5.32,
      "price_unit": "l",
      "discount_tag": "2e halve prijs",
      "promo_title": "Biologische wijnen",
      "validity": "za 27 t/m wo 31 dec",
      "image_url": "https://www.jumbo.com/dam-images/fit-in/360x360/Products/26032025_1743003191169_1743003194977_8420202008055_1.png",
      "source_url": "https://www.jumbo.com/aanbiedingen/biologische-wijnen/3012741"
    },
    {
      "id": "188165FLS",
      "name": "El Bio - Tempranillo - Cabernet Sauvignon - Biologisch - 750ML",
      "brand": "El Bio",
      "category": "Bier en wijn",
      "unit_size": "75 cl",
      "offer_price": 5.69,
      "normal_price": 5.69,
      "price_per_unit": 7.59,
      "price_unit": "l",
      "discount_tag": "2e halve prijs",
      "promo_title": "Biologische wijnen",
      "validity": "za 27 t/m wo 31 dec",
      "image_url": "https://www.jumbo.com/dam-images/fit-in/360x360/Products/13012025_1736771665622_1736771668198_8436561121168_1.png",
      "source_url": "https://www.jumbo.com/aanbiedingen/biologische-wijnen/3012741"
    },
    {
      "id": "368837FLS",
      "name": "Terre di Faiano - Primitivo - Biologisch 750ML",
      "brand": "Terre di Faiano",
      "category": "Bier en wijn",
      "unit_size": "75 cl",
      "offer_price": 6.99,
      "normal_price": 6.99,
      "price_per_unit": 9.32,
      "price_unit": "l",
      "discount_tag": "2e halve prijs",
      "promo_title": "Biologische wijnen",
      "validity": "za 27 t/m wo 31 dec",
      "image_url": "https://www.jumbo.com/dam-images/fit-in/360x360/Products/31072025_1753972504892_1753972508262_8052432830764_1.png",
      "source_url": "https://www.jumbo.com/aanbiedingen/biologische-wijnen/3012741"
    },
    {
      "id": "214419FLS",
      "name": "Buontalenti - Vermentino Ansonica - Biologisch - 750 ML",
      "brand": "Buontalenti",
      "category": "Bier en wijn",
      "unit_size": "750 ml",
      "offer_price": 9.99,
      "normal_price": 9.99,
      "price_per_unit": 13.32,
      "price_unit": "l",
      "discount_tag": "2e halve prijs",
      "promo_title": "Biologische wijnen",
      "validity": "za 27 t/m wo 31 dec",
      "image_url": "https://www.jumbo.com/dam-images/fit-in/360x360/Products/28092023_1695921548820_1695921550779_8032937130781_1.png",
      "source_url": "https://www.jumbo.com/aanbiedingen/biologische-wijnen/3012741"
    },
    {
      "id": "205716FLS",
      "name": "__MISSING_PRODUCT__",
      "brand": "Domaine Schwach",
      "category": "Bier en wijn",
      "unit_size": null,
      "offer_price": 12.99,
      "normal_price": 12.99,
      "price_per_unit": 17.32,
      "price_unit": "l",
      "discount_tag": "2e halve prijs",
      "promo_title": "Biologische wijnen",
      "validity": "za 27 t/m wo 31 dec",
      "image_url": "https://www.jumbo.com/dam-images/fit-in/360x360/Products/28092023_1695920666731_1695920668494_3760167371029_1.png",
      "source_url": "https://www.jumbo.com/aanbiedingen/biologische-wijnen/3012741"
    },
    {
      "id": "435561FLS",
      "name": "Jumbo - Chardonnay - Biologisch - 750ML",
      "brand": "Jumbo",
      "category": "Bier en wijn",
      "unit_size": "750 ml",
      "offer_price": 4.99,
      "normal_price": 4.99,
      "price_per_unit": 6.65,
      "price_unit": "l",
      "discount_tag": "2e halve prijs",
      "promo_title": "Biologische wijnen",
      "validity": "za 27 t/m wo 31 dec",
      "image_url": "https://www.jumbo.com/dam-images/fit-in/360x360/Products/20122024_1734687182878_1734687185221_8718452661381_1.png",
      "source_url": "https://www.jumbo.com/aanbiedingen/biologische-wijnen/3012741"
    },
    {
      "id": "453032FLS",
      "name": "Siesta - Malbec - Biologisch - 750 ML",
      "brand": "Siesta",
      "category": "Bier en wijn",
      "unit_size": null,
      "offer_price": 14.99,
      "normal_price": 14.99,
      "price_per_unit": 19.99,
      "price_unit": "l",
      "discount_tag": "2e halve prijs",
      "promo_title": "Biologische wijnen",
      "validity": "za 27 t/m wo 31 dec",
      "image_url": "https://www.jumbo.com/dam-images/fit-in/360x360/Products/18092023_1695041390274_1695041394072_7798126083573_1.png",
      "source_url": "https://www.jumbo.com/aanbiedingen/biologische-wijnen/3012741"
    },
    {
      "id": "673428FLS",
      "name": "Neleman - Macabeo - Orange Wine 750ML",
      "brand": "Neleman",
      "category": "Bier en wijn",
      "unit_size": "750 ml",
      "offer_price": 9.99,
      "normal_price": 9.99,
      "price_per_unit": 13.32,
      "price_unit": "l",
      "discount_tag": "2e halve prijs",
      "promo_title": "Biologische wijnen",
      "validity": "za 27 t/m wo 31 dec",
      "image_url": "https://www.jumbo.com/dam-images/fit-in/360x360/Products/12112025_1762965192899_1762965196362_8720574874082_1.png",
      "source_url": "https://www.jumbo.com/aanbiedingen/biologische-wijnen/3012741"
    },
    {
      "id": "604351FLS",
      "name": "Terre di Faiano - Rosato Puglia - 750 ML",
      "brand": "Terre di Faiano",
      "category": "Bier en wijn",
      "unit_size": "75 cl",
      "offer_price": 6.99,
      "normal_price": 6.99,
      "price_per_unit": 9.32,
      "price_unit": "l",
      "discount_tag": "2e halve prijs",
      "promo_title": "Biologische wijnen",
      "validity": "za 27 t/m wo 31 dec",
      "image_url": "https://www.jumbo.com/dam-images/fit-in/360x360/Products/16042024_1713270908837_1713270912152_8052432834021_1.png",
      "source_url": "https://www.jumbo.com/aanbiedingen/biologische-wijnen/3012741"
    },
    {
      "id": "635979ZK",
      "name": "Edet Comfort 16 Stuks",
      "brand": "Edet",
      "category": "Huishouden en dieren",
      "unit_size": null,
      "offer_price": 16.99,
      "normal_price": 16.99,
      "price_per_unit": 1.06,
      "price_unit": "pieces",
      "discount_tag": "1+1 gratis",
      "promo_title": "Alle Edet of Tempo",
      "validity": "za 27 t/m wo 31 dec",
      "image_url": "https://www.jumbo.com/dam-images/fit-in/360x360/Products/31012025_1738298130850_1738298134930_635979_ZK_.png",
      "source_url": "https://www.jumbo.com/aanbiedingen/alle-edet-of-tempo/3012559"
    },
    {
      "id": "163642ZK",
      "name": "Tempo Complete Care 4-Laags Zakdoeken 10 x 9 Stuks",
      "brand": "Tempo",
      "category": "Drogisterij en baby",
      "unit_size": null,
      "offer_price": 3.39,
      "normal_price": 3.39,
      "price_per_unit": 0.34,
      "price_unit": "pieces",
      "discount_tag": "1+1 gratis",
      "promo_title": "Alle Edet of Tempo",
      "validity": "za 27 t/m wo 31 dec",
      "image_url": "https://www.jumbo.com/dam-images/fit-in/360x360/Products/15072025_1752544422754_1752544425316_163642_ZK_07322540786545_C1N1.png",
      "source_url": "https://www.jumbo.com/aanbiedingen/alle-edet-of-tempo/3012559"
    },
    {
      "id": "619641ZK",
      "name": "Edet Easypull Premium Navulling",
      "brand": "Edet",
      "category": "Huishouden en dieren",
      "unit_size": null,
      "offer_price": 4.29,
      "normal_price": 4.29,
      "price_per_unit": 4.29,
      "price_unit": "pieces",
      "discount_tag": "1+1 gratis",
      "promo_title": "Alle Edet of Tempo",
      "validity": "za 27 t/m wo 31 dec",
      "image_url": "https://www.jumbo.com/dam-images/fit-in/360x360/Products/18032024_1710764899320_1710764904009_619641_ZK_.png",
      "source_url": "https://www.jumbo.com/aanbiedingen/alle-edet-of-tempo/3012559"
    },
    {
      "id": "619649ZK",
      "name": "Edet Extra Long+ Keukenpapier 2 Rollen",
      "brand": "Edet",
      "category": "Huishouden en dieren",
      "unit_size": null,
      "offer_price": 5.75,
      "normal_price": 5.75,
      "price_per_unit": 2.88,
      "price_unit": "pieces",
      "discount_tag": "1+1 gratis",
      "promo_title": "Alle Edet of Tempo",
      "validity": "za 27 t/m wo 31 dec",
      "image_url": "https://www.jumbo.com/dam-images/fit-in/360x360/Products/03062024_1717432515185_1717432524746_7322541736211_1.png",
      "source_url": "https://www.jumbo.com/aanbiedingen/alle-edet-of-tempo/3012559"
    },
    {
      "id": "619613ZK",
      "name": "Edet Easypull Original Navulling 1 Stuk",
      "brand": "Edet",
      "category": "Huishouden en dieren",
      "unit_size": null,
      "offer_price": 4.29,
      "normal_price": 4.29,
      "price_per_unit": 4.29,
      "price_unit": "pieces",
      "discount_tag": "1+1 gratis",
      "promo_title": "Alle Edet of Tempo",
      "validity": "za 27 t/m wo 31 dec",
      "image_url": "https://www.jumbo.com/dam-images/fit-in/360x360/Products/03062024_1717432514990_1717432523997_7322541737973_1.png",
      "source_url": "https://www.jumbo.com/aanbiedingen/alle-edet-of-tempo/3012559"
    },
    {
      "id": "635427ZK",
      "name": "Edet Comfort Lucht 3 Laags 6 Stuks",
      "brand": "Edet",
      "category": "Huishouden en dieren",
      "unit_size": null,
      "offer_price": 6.59,
      "normal_price": 6.59,
      "price_per_unit": 1.1,
      "price_unit": "pieces",
      "discount_tag": "1+1 gratis",
      "promo_title": "Alle Edet of Tempo",
      "validity": "za 27 t/m wo 31 dec",
      "image_url": "https://www.jumbo.com/dam-images/fit-in/360x360/Products/20062025_1750382329509_1750382333141_635427_ZK_.png",
      "source_url": "https://www.jumbo.com/aanbiedingen/alle-edet-of-tempo/3012559"
    },
    {
      "id": "445092DS",
      "name": "Tempo Light Doekjes 3-Laags XXL Box 140 Stuks",
      "brand": "Tempo",
      "category": "Huishouden en dieren",
      "unit_size": null,
      "offer_price": 3.49,
      "normal_price": 3.49,
      "price_per_unit": 0.02,
      "price_unit": "pieces",
      "discount_tag": "1+1 gratis",
      "promo_title": "Alle Edet of Tempo",
      "validity": "za 27 t/m wo 31 dec",
      "image_url": "https://www.jumbo.com/dam-images/fit-in/360x360/Products/29012025_1738122409422_1738122414405_445092_DS_.png",
      "source_url": "https://www.jumbo.com/aanbiedingen/alle-edet-of-tempo/3012559"
    },
    {
      "id": "619521ZK",
      "name": "Edet Superior 2 Stuks",
      "brand": "Edet",
      "category": "Huishouden en dieren",
      "unit_size": null,
      "offer_price": 3.69,
      "normal_price": 3.69,
      "price_per_unit": 1.85,
      "price_unit": "pieces",
      "discount_tag": "1+1 gratis",
      "promo_title": "Alle Edet of Tempo",
      "validity": "za 27 t/m wo 31 dec",
      "image_url": "https://www.jumbo.com/dam-images/fit-in/360x360/Products/20062025_1750384921852_1750384926874_619521_ZK_.png",
      "source_url": "https://www.jumbo.com/aanbiedingen/alle-edet-of-tempo/3012559"
    },
    {
      "id": "429064PAK",
      "name": "Tempo Natural & Soft 8 x 9 stuks",
      "brand": "Tempo",
      "category": "Drogisterij en baby",
      "unit_size": null,
      "offer_price": 2.59,
      "normal_price": 2.59,
      "price_per_unit": 0.32,
      "price_unit": "pieces",
      "discount_tag": "1+1 gratis",
      "promo_title": "Alle Edet of Tempo",
      "validity": "za 27 t/m wo 31 dec",
      "image_url": "https://www.jumbo.com/dam-images/fit-in/360x360/Products/20062025_1750381240627_1750381243629_429064_PAK_.png",
      "source_url": "https://www.jumbo.com/aanbiedingen/alle-edet-of-tempo/3012559"
    },
    {
      "id": "183665STK",
      "name": "Tempo Zakdoeken 4 Lagen 10 x 10 Stuks",
      "brand": "Tempo",
      "category": "Drogisterij en baby",
      "unit_size": null,
      "offer_price": 2.49,
      "normal_price": 2.49,
      "price_per_unit": 0.25,
      "price_unit": "pieces",
      "discount_tag": "1+1 gratis",
      "promo_title": "Alle Edet of Tempo",
      "validity": "za 27 t/m wo 31 dec",
      "image_url": "https://www.jumbo.com/dam-images/fit-in/360x360/Products/30102023_1698658502598_1698658511315_7322540786385_1.png",
      "source_url": "https://www.jumbo.com/aanbiedingen/alle-edet-of-tempo/3012559"
    },
    {
      "id": "453031FLS",
      "name": "Three Thieves - Pinot Grigio - 750 ML",
      "brand": "Three Thieves",
      "category": "Bier en wijn",
      "unit_size": "750 ml",
      "offer_price": 11.99,
      "normal_price": 11.99,
      "price_per_unit": 15.99,
      "price_unit": "l",
      "discount_tag": "voor 8,99",
      "promo_title": "Three Thieves",
      "validity": "za 27 t/m wo 31 dec",
      "image_url": "https://www.jumbo.com/dam-images/fit-in/360x360/Products/12122024_1734014463952_1734014466698_894509008748_1.png",
      "source_url": "https://www.jumbo.com/aanbiedingen/three-thieves/3012827"
    },
    {
      "id": "291661FLS",
      "name": "Three Thieves - Pinot Noir - 750 ML",
      "brand": "Three Thieves",
      "category": "Bier en wijn",
      "unit_size": "750 ml",
      "offer_price": 9.99,
      "normal_price": 9.99,
      "price_per_unit": 13.32,
      "price_unit": "l",
      "discount_tag": "voor 8,99",
      "promo_title": "Three Thieves",
      "validity": "za 27 t/m wo 31 dec",
      "image_url": "https://www.jumbo.com/dam-images/fit-in/360x360/Products/12122024_1734014460485_1734014463035_894509008786_1.png",
      "source_url": "https://www.jumbo.com/aanbiedingen/three-thieves/3012827"
    },
    {
      "id": "291654FLS",
      "name": "Three Thieves - Chardonnay - 750 ML",
      "brand": "Three Thieves",
      "category": "Bier en wijn",
      "unit_size": "750 ml",
      "offer_price": 11.99,
      "normal_price": 11.99,
      "price_per_unit": 15.99,
      "price_unit": "l",
      "discount_tag": "voor 8,99",
      "promo_title": "Three Thieves",
      "validity": "za 27 t/m wo 31 dec",
      "image_url": "https://www.jumbo.com/dam-images/fit-in/360x360/Products/12122024_1734014460319_1734014462980_894509008762_1.png",
      "source_url": "https://www.jumbo.com/aanbiedingen/three-thieves/3012827"
    },
    {
      "id": "291662FLS",
      "name": "Three Thieves - Cabernet Sauvignon - 750 ML",
      "brand": "Three Thieves",
      "category": "Bier en wijn",
      "unit_size": "750 ml",
      "offer_price": 9.99,
      "normal_price": 9.99,
      "price_per_unit": 13.32,
      "price_unit": "l",
      "discount_tag": "voor 8,99",
      "promo_title": "Three Thieves",
      "validity": "za 27 t/m wo 31 dec",
      "image_url": "https://www.jumbo.com/dam-images/fit-in/360x360/Products/12122024_1734014460409_1734014463133_894509008809_1.png",
      "source_url": "https://www.jumbo.com/aanbiedingen/three-thieves/3012827"
    },
    {
      "id": "538644BLK",
      "name": "Malibu - Pear - 250ML",
      "brand": "Malibu",
      "category": "Bier en wijn",
      "unit_size": null,
      "offer_price": 2.29,
      "normal_price": 2.29,
      "price_per_unit": 9.16,
      "price_unit": "l",
      "discount_tag": "Gratis bezorging​​",
      "promo_title": "Premixen",
      "validity": "za 27 t/m wo 31 dec",
      "image_url": "https://www.jumbo.com/dam-images/fit-in/360x360/Products/08082024_1723080228071_1723080232362_538644_BLK_05012461002573_C1N1.png",
      "source_url": "https://www.jumbo.com/aanbiedingen/premixen/3012756"
    },
    {
      "id": "705479BLK",
      "name": "Absolut Vodka Sprite Pineapple 250ML",
      "brand": "Absolut Sprite",
      "category": "Bier en wijn",
      "unit_size": "250 ml",
      "offer_price": 2.39,
      "normal_price": 2.39,
      "price_per_unit": 9.56,
      "price_unit": "l",
      "discount_tag": "Gratis bezorging​​",
      "promo_title": "Premixen",
      "validity": "za 27 t/m wo 31 dec",
      "image_url": "https://www.jumbo.com/dam-images/fit-in/360x360/Products/18062025_1750271667270_1750271672219_5449000336248_1.png",
      "source_url": "https://www.jumbo.com/aanbiedingen/premixen/3012756"
    },
    {
      "id": "537148BLK",
      "name": "Hoppe - Vieux Cola 7% - 250ML",
      "brand": "Hoppe",
      "category": "Bier en wijn",
      "unit_size": null,
      "offer_price": 2.19,
      "normal_price": 2.19,
      "price_per_unit": 8.76,
      "price_unit": "l",
      "discount_tag": "Gratis bezorging​​",
      "promo_title": "Premixen",
      "validity": "za 27 t/m wo 31 dec",
      "image_url": "https://www.jumbo.com/dam-images/fit-in/360x360/Products/12122023_1702360668640_1702360684397_537148_BLK_08716000970305_C1N1.png",
      "source_url": "https://www.jumbo.com/aanbiedingen/premixen/3012756"
    },
    {
      "id": "685516BLK",
      "name": "Smirnoff Ice Black Guarana 250ML",
      "brand": "Smirnoff",
      "category": "Bier en wijn",
      "unit_size": null,
      "offer_price": 2.49,
      "normal_price": 2.49,
      "price_per_unit": 9.96,
      "price_unit": "l",
      "discount_tag": "Gratis bezorging​​",
      "promo_title": "Premixen",
      "validity": "za 27 t/m wo 31 dec",
      "image_url": "https://www.jumbo.com/dam-images/fit-in/360x360/Products/25032025_1742871113740_1742871116247_685516_BLK_05410316961363_C1N1.png",
      "source_url": "https://www.jumbo.com/aanbiedingen/premixen/3012756"
    },
    {
      "id": "694123BLK",
      "name": "Lavish Fruit Punch Absinthe Flavor 250ML",
      "brand": "Lavish",
      "category": "Bier en wijn",
      "unit_size": null,
      "offer_price": 3.95,
      "normal_price": 3.95,
      "price_per_unit": 15.8,
      "price_unit": "l",
      "discount_tag": "Gratis bezorging​​",
      "promo_title": "Premixen",
      "validity": "za 27 t/m wo 31 dec",
      "image_url": "https://www.jumbo.com/dam-images/fit-in/360x360/Products/09092025_1757382696442_1757382702023_694123_BLK_08720256518044_C1N1.png",
      "source_url": "https://www.jumbo.com/aanbiedingen/premixen/3012756"
    },
    {
      "id": "534738BLK",
      "name": "Bacardi Limon & Lemonade 250ML",
      "brand": "Bacardi",
      "category": "Bier en wijn",
      "unit_size": null,
      "offer_price": 2.49,
      "normal_price": 2.49,
      "price_per_unit": 9.96,
      "price_unit": "l",
      "discount_tag": "Gratis bezorging​​",
      "promo_title": "Premixen",
      "validity": "za 27 t/m wo 31 dec",
      "image_url": "https://www.jumbo.com/dam-images/fit-in/360x360/Products/13122025_1765595584722_1765595592530_534738_BLK_.png",
      "source_url": "https://www.jumbo.com/aanbiedingen/premixen/3012756"
    },
    {
      "id": "580008BLK",
      "name": "Smirnoff Ice Raspberry Tart & Fruity 250 ml",
      "brand": "Smirnoff",
      "category": "Bier en wijn",
      "unit_size": "250 ml",
      "offer_price": 2.49,
      "normal_price": 2.49,
      "price_per_unit": 9.96,
      "price_unit": "l",
      "discount_tag": "Gratis bezorging​​",
      "promo_title": "Premixen",
      "validity": "za 27 t/m wo 31 dec",
      "image_url": "https://www.jumbo.com/dam-images/fit-in/360x360/Products/08102025_1759886782357_1759886785003_580008_BLK_08711300999964_C1N1.png",
      "source_url": "https://www.jumbo.com/aanbiedingen/premixen/3012756"
    },
    {
      "id": "692306BLK",
      "name": "Cazadores Margarita 250ML",
      "brand": "Cazadores",
      "category": "Bier en wijn",
      "unit_size": null,
      "offer_price": 2.49,
      "normal_price": 2.49,
      "price_per_unit": 9.96,
      "price_unit": "l",
      "discount_tag": "Gratis bezorging​​",
      "promo_title": "Premixen",
      "validity": "za 27 t/m wo 31 dec",
      "image_url": "https://www.jumbo.com/dam-images/fit-in/360x360/Products/09042025_1744196316780_1744196319313_692306_BLK_07640175660918_C1N1.png",
      "source_url": "https://www.jumbo.com/aanbiedingen/premixen/3012756"
    },
    {
      "id": "534851BLK",
      "name": "Bombay Sapphire Gin & Tonic 250ML",
      "brand": "Bombay",
      "category": "Bier en wijn",
      "unit_size": null,
      "offer_price": 2.49,
      "normal_price": 2.49,
      "price_per_unit": 9.96,
      "price_unit": "l",
      "discount_tag": "Gratis bezorging​​",
      "promo_title": "Premixen",
      "validity": "za 27 t/m wo 31 dec",
      "image_url": "https://www.jumbo.com/dam-images/fit-in/360x360/Products/13122025_1765595951058_1765595954671_534851_BLK_07640175742461_C1N1.png",
      "source_url": "https://www.jumbo.com/aanbiedingen/premixen/3012756"
    },
    {
      "id": "706696BLK",
      "name": "Chaser Long Island Iced Tea 250ML",
      "brand": "Chaser",
      "category": "Bier en wijn",
      "unit_size": null,
      "offer_price": 1.89,
      "normal_price": 1.89,
      "price_per_unit": 7.56,
      "price_unit": "l",
      "discount_tag": "Gratis bezorging​​",
      "promo_title": "Premixen",
      "validity": "za 27 t/m wo 31 dec",
      "image_url": "",
      "source_url": "https://www.jumbo.com/aanbiedingen/premixen/3012756"
    },
    {
      "id": "694121BLK",
      "name": "Lavish Green Apple Absinthe Flavor 250ML",
      "brand": "Lavish",
      "category": "Bier en wijn",
      "unit_size": null,
      "offer_price": 3.95,
      "normal_price": 3.95,
      "price_per_unit": 15.8,
      "price_unit": "l",
      "discount_tag": "Gratis bezorging​​",
      "promo_title": "Premixen",
      "validity": "za 27 t/m wo 31 dec",
      "image_url": "https://www.jumbo.com/dam-images/fit-in/360x360/Products/09092025_1757383269699_1757383275446_694121_BLK_08719327263587_C1N1.png",
      "source_url": "https://www.jumbo.com/aanbiedingen/premixen/3012756"
    },
    {
      "id": "557360BLK",
      "name": "Jack Daniel's Whiskey & Coca-Cola 330ml",
      "brand": "Jack & Coke",
      "category": "Bier en wijn",
      "unit_size": "330 ml",
      "offer_price": 2.99,
      "normal_price": 2.99,
      "price_per_unit": 9.06,
      "price_unit": "l",
      "discount_tag": "Gratis bezorging​​",
      "promo_title": "Premixen",
      "validity": "za 27 t/m wo 31 dec",
      "image_url": "https://www.jumbo.com/dam-images/fit-in/360x360/Products/31102023_1698744902088_1698744904366_5449000168481_1.png",
      "source_url": "https://www.jumbo.com/aanbiedingen/premixen/3012756"
    },
    {
      "id": "694124BLK",
      "name": "Lavish Grape Absinthe Smaak 250ML",
      "brand": "Lavish",
      "category": "Bier en wijn",
      "unit_size": null,
      "offer_price": 3.95,
      "normal_price": 3.95,
      "price_per_unit": 15.8,
      "price_unit": "l",
      "discount_tag": "Gratis bezorging​​",
      "promo_title": "Premixen",
      "validity": "za 27 t/m wo 31 dec",
      "image_url": "https://www.jumbo.com/dam-images/fit-in/360x360/Products/09092025_1757382780744_1757382786281_694124_BLK_08719327263563_C1N1.png",
      "source_url": "https://www.jumbo.com/aanbiedingen/premixen/3012756"
    },
    {
      "id": "719475BLK",
      "name": "Gold Dry Eclipse & Vodka Premix 250 ml",
      "brand": "Gold Dry",
      "category": "Bier en wijn",
      "unit_size": "250 ml",
      "offer_price": 2.79,
      "normal_price": 2.79,
      "price_per_unit": 11.16,
      "price_unit": "l",
      "discount_tag": "Gratis bezorging​​",
      "promo_title": "Premixen",
      "validity": "za 27 t/m wo 31 dec",
      "image_url": "https://www.jumbo.com/dam-images/fit-in/360x360/Products/17092025_1758133987899_1758133992376_8720938023323_1.png",
      "source_url": "https://www.jumbo.com/aanbiedingen/premixen/3012756"
    },
    {
      "id": "679517BLK",
      "name": "Passoa Passionfruit Martini 250ML",
      "brand": "Passoa",
      "category": "Bier en wijn",
      "unit_size": null,
      "offer_price": 2.29,
      "normal_price": 2.29,
      "price_per_unit": 9.16,
      "price_unit": "l",
      "discount_tag": "Gratis bezorging​​",
      "promo_title": "Premixen",
      "validity": "za 27 t/m wo 31 dec",
      "image_url": "https://www.jumbo.com/dam-images/fit-in/360x360/Products/13022025_1739432655688_1739432662909_679517_BLK_08716000970589_C1C1.png",
      "source_url": "https://www.jumbo.com/aanbiedingen/premixen/3012756"
    },
    {
      "id": "537149STK",
      "name": "Sonnema Berenburg - Cola - 250ML",
      "brand": "Sonnema",
      "category": "Bier en wijn",
      "unit_size": null,
      "offer_price": 2.39,
      "normal_price": 2.39,
      "price_per_unit": 9.56,
      "price_unit": "l",
      "discount_tag": "Gratis bezorging​​",
      "promo_title": "Premixen",
      "validity": "za 27 t/m wo 31 dec",
      "image_url": "https://www.jumbo.com/dam-images/fit-in/360x360/Products/13032025_1741834180187_1741834182005_537149_STK_08710631022365_C1N1.png",
      "source_url": "https://www.jumbo.com/aanbiedingen/premixen/3012756"
    },
    {
      "id": "534850BLK",
      "name": "Bacardi - Rum en Cola - 250ml",
      "brand": "Bacardi",
      "category": "Bier en wijn",
      "unit_size": null,
      "offer_price": 2.49,
      "normal_price": 2.49,
      "price_per_unit": 9.96,
      "price_unit": "l",
      "discount_tag": "Gratis bezorging​​",
      "promo_title": "Premixen",
      "validity": "za 27 t/m wo 31 dec",
      "image_url": "https://www.jumbo.com/dam-images/fit-in/360x360/Products/13122025_1765595937979_1765595940810_534850_BLK_05010677524698_C1N1.png",
      "source_url": "https://www.jumbo.com/aanbiedingen/premixen/3012756"
    },
    {
      "id": "540630FLS",
      "name": "Sloane's - Gin & Tonic Original - 250ML",
      "brand": "Sloanes",
      "category": "Bier en wijn",
      "unit_size": "250 ml",
      "offer_price": 2.59,
      "normal_price": 2.59,
      "price_per_unit": 10.36,
      "price_unit": "l",
      "discount_tag": "Gratis bezorging​​",
      "promo_title": "Premixen",
      "validity": "za 27 t/m wo 31 dec",
      "image_url": "https://www.jumbo.com/dam-images/fit-in/360x360/Products/13112023_1699893188079_1699893196421_8712436133710_1.png",
      "source_url": "https://www.jumbo.com/aanbiedingen/premixen/3012756"
    },
    {
      "id": "612741BLK",
      "name": "Jack Daniel's Tennessee Whiskey Mixed with Coca-Cola Zero Sugar - 330ML",
      "brand": "Jack & Coke",
      "category": "Bier en wijn",
      "unit_size": "330 ml",
      "offer_price": 2.99,
      "normal_price": 2.99,
      "price_per_unit": 9.06,
      "price_unit": "l",
      "discount_tag": "Gratis bezorging​​",
      "promo_title": "Premixen",
      "validity": "za 27 t/m wo 31 dec",
      "image_url": "https://www.jumbo.com/dam-images/fit-in/360x360/Products/03022024_1706930892865_1706930898257_612741_BLK_05449000193643_H1N1.png",
      "source_url": "https://www.jumbo.com/aanbiedingen/premixen/3012756"
    },
    {
      "id": "661019BLK",
      "name": "De Kuyper Fizzy Passionfruit 250ml",
      "brand": "De Kuyper",
      "category": "Bier en wijn",
      "unit_size": null,
      "offer_price": 2.27,
      "normal_price": 2.27,
      "price_per_unit": 9.08,
      "price_unit": "l",
      "discount_tag": "Gratis bezorging​​",
      "promo_title": "Premixen",
      "validity": "za 27 t/m wo 31 dec",
      "image_url": "https://www.jumbo.com/dam-images/fit-in/360x360/Products/03122024_1733192112148_1733192125815_661019_BLK_08710625237171_C1N1.png",
      "source_url": "https://www.jumbo.com/aanbiedingen/premixen/3012756"
    },
    {
      "id": "538694BLK",
      "name": "Malibu - Pineapple - 250ML",
      "brand": "Malibu",
      "category": "Bier en wijn",
      "unit_size": "250 ML",
      "offer_price": 2.29,
      "normal_price": 2.29,
      "price_per_unit": 9.16,
      "price_unit": "l",
      "discount_tag": "Gratis bezorging​​",
      "promo_title": "Premixen",
      "validity": "za 27 t/m wo 31 dec",
      "image_url": "https://www.jumbo.com/dam-images/fit-in/360x360/Products/16122025_1765852745344_1765852748031_538694_BLK_05012461002597_C1N1.png",
      "source_url": "https://www.jumbo.com/aanbiedingen/premixen/3012756"
    },
    {
      "id": "661018BLK",
      "name": "De Kuyper Peach on the Beach 250ml",
      "brand": "De Kuyper",
      "category": "Bier en wijn",
      "unit_size": "250 ML",
      "offer_price": 2.19,
      "normal_price": 2.19,
      "price_per_unit": 8.76,
      "price_unit": "l",
      "discount_tag": "Gratis bezorging​​",
      "promo_title": "Premixen",
      "validity": "za 27 t/m wo 31 dec",
      "image_url": "https://www.jumbo.com/dam-images/fit-in/360x360/Products/03122024_1733192137642_1733192152082_661018_BLK_08710625524189_C1N1.png",
      "source_url": "https://www.jumbo.com/aanbiedingen/premixen/3012756"
    },
    {
      "id": "537147BLK",
      "name": "Passoã - Mixed with Orange Juice - 250ML",
      "brand": "Passoa",
      "category": "Bier en wijn",
      "unit_size": null,
      "offer_price": 2.19,
      "normal_price": 2.19,
      "price_per_unit": 8.76,
      "price_unit": "l",
      "discount_tag": "Gratis bezorging​​",
      "promo_title": "Premixen",
      "validity": "za 27 t/m wo 31 dec",
      "image_url": "https://www.jumbo.com/dam-images/fit-in/360x360/Products/24112023_1700796510816_1700796525255_537147_BLK_08716000970329_C1N1.png",
      "source_url": "https://www.jumbo.com/aanbiedingen/premixen/3012756"
    },
    {
      "id": "613677BLK",
      "name": "Gold Dry Original & Vodka Premix Alcoholic Beverage 250 ml",
      "brand": "Gold Dry",
      "category": "Bier en wijn",
      "unit_size": "250 ml",
      "offer_price": 2.79,
      "normal_price": 2.79,
      "price_per_unit": 11.16,
      "price_unit": "l",
      "discount_tag": "Gratis bezorging​​",
      "promo_title": "Premixen",
      "validity": "za 27 t/m wo 31 dec",
      "image_url": "https://www.jumbo.com/dam-images/fit-in/360x360/Products/24062025_1750753986682_1750753990940_8720938023026_1.png",
      "source_url": "https://www.jumbo.com/aanbiedingen/premixen/3012756"
    },
    {
      "id": "707185BLK",
      "name": "Lavish Strawberry Vanilla 250ML",
      "brand": "Lavish",
      "category": "Bier en wijn",
      "unit_size": null,
      "offer_price": 3.95,
      "normal_price": 3.95,
      "price_per_unit": 15.8,
      "price_unit": "l",
      "discount_tag": "Gratis bezorging​​",
      "promo_title": "Premixen",
      "validity": "za 27 t/m wo 31 dec",
      "image_url": "https://www.jumbo.com/dam-images/fit-in/360x360/Products/11072025_1752197949303_1752197955009_707185_BLK_08720256518259_C1N1.png",
      "source_url": "https://www.jumbo.com/aanbiedingen/premixen/3012756"
    },
    {
      "id": "544735BLK",
      "name": "Gordon's - London Dry Gin & Tonic - 250ML",
      "brand": "Gordon s",
      "category": "Bier en wijn",
      "unit_size": "250 ml",
      "offer_price": 2.29,
      "normal_price": 2.29,
      "price_per_unit": 9.16,
      "price_unit": "l",
      "discount_tag": "Gratis bezorging​​",
      "promo_title": "Premixen",
      "validity": "za 27 t/m wo 31 dec",
      "image_url": "https://www.jumbo.com/dam-images/fit-in/360x360/Products/08102025_1759885516039_1759885518681_544735_BLK_08711300999902_C1N1.png",
      "source_url": "https://www.jumbo.com/aanbiedingen/premixen/3012756"
    },
    {
      "id": "534741BLK",
      "name": "Bacardi­ - Razz & Up - 250ml",
      "brand": "Bacardi",
      "category": "Bier en wijn",
      "unit_size": null,
      "offer_price": 2.49,
      "normal_price": 2.49,
      "price_per_unit": 9.96,
      "price_unit": "l",
      "discount_tag": "Gratis bezorging​​",
      "promo_title": "Premixen",
      "validity": "za 27 t/m wo 31 dec",
      "image_url": "https://www.jumbo.com/dam-images/fit-in/360x360/Products/13122025_1765595471842_1765595474563_534741_BLK_07610113020623_C1N1.png",
      "source_url": "https://www.jumbo.com/aanbiedingen/premixen/3012756"
    },
    {
      "id": "618912BLK",
      "name": "Absolut Cocktails -  Passionfruit Martini - 250ML",
      "brand": "Absolut",
      "category": "Bier en wijn",
      "unit_size": null,
      "offer_price": 2.49,
      "normal_price": 2.49,
      "price_per_unit": 9.96,
      "price_unit": "l",
      "discount_tag": "Gratis bezorging​​",
      "promo_title": "Premixen",
      "validity": "za 27 t/m wo 31 dec",
      "image_url": "https://www.jumbo.com/dam-images/fit-in/360x360/Products/21042024_1713662153791_1713662159635_618912_BLK_07312040323005_C1N1.png",
      "source_url": "https://www.jumbo.com/aanbiedingen/premixen/3012756"
    },
    {
      "id": "692307BLK",
      "name": "Cazadores Paloma 250ML",
      "brand": "Cazadores",
      "category": "Bier en wijn",
      "unit_size": null,
      "offer_price": 2.49,
      "normal_price": 2.49,
      "price_per_unit": 9.96,
      "price_unit": "l",
      "discount_tag": "Gratis bezorging​​",
      "promo_title": "Premixen",
      "validity": "za 27 t/m wo 31 dec",
      "image_url": "https://www.jumbo.com/dam-images/fit-in/360x360/Products/09042025_1744196325807_1744196328141_692307_BLK_07640175660888_C1N1.png",
      "source_url": "https://www.jumbo.com/aanbiedingen/premixen/3012756"
    },
    {
      "id": "706693BLK",
      "name": "Chaser Vodka Energy Flavor 250ML",
      "brand": "Chaser",
      "category": "Bier en wijn",
      "unit_size": null,
      "offer_price": 1.89,
      "normal_price": 1.89,
      "price_per_unit": 7.56,
      "price_unit": "l",
      "discount_tag": "Gratis bezorging​​",
      "promo_title": "Premixen",
      "validity": "za 27 t/m wo 31 dec",
      "image_url": "",
      "source_url": "https://www.jumbo.com/aanbiedingen/premixen/3012756"
    },
    {
      "id": "544734FLS",
      "name": "Gordon's - Premium Pink Gin & Tonic - 250ML",
      "brand": "Gordon s",
      "category": "Bier en wijn",
      "unit_size": "250 ml",
      "offer_price": 2.29,
      "normal_price": 2.29,
      "price_per_unit": 9.16,
      "price_unit": "l",
      "discount_tag": "Gratis bezorging​​",
      "promo_title": "Premixen",
      "validity": "za 27 t/m wo 31 dec",
      "image_url": "https://www.jumbo.com/dam-images/fit-in/360x360/Products/08102025_1759885533218_1759885535555_544734_FLS_08711300999919_C1N1.png",
      "source_url": "https://www.jumbo.com/aanbiedingen/premixen/3012756"
    },
    {
      "id": "540625BLK",
      "name": "Sonnema Berenburg - Sinas - 250ML",
      "brand": "Sonnema",
      "category": "Bier en wijn",
      "unit_size": null,
      "offer_price": 2.39,
      "normal_price": 2.39,
      "price_per_unit": 9.56,
      "price_unit": "l",
      "discount_tag": "Gratis bezorging​​",
      "promo_title": "Premixen",
      "validity": "za 27 t/m wo 31 dec",
      "image_url": "https://www.jumbo.com/dam-images/fit-in/360x360/Products/22022025_1740190954728_1740190957213_540625_BLK_08710631022372_C1N1.png",
      "source_url": "https://www.jumbo.com/aanbiedingen/premixen/3012756"
    },
    {
      "id": "538643BLK",
      "name": "Malibu - Cola - 250ML",
      "brand": "Malibu",
      "category": "Bier en wijn",
      "unit_size": null,
      "offer_price": 2.29,
      "normal_price": 2.29,
      "price_per_unit": 9.16,
      "price_unit": "l",
      "discount_tag": "Gratis bezorging​​",
      "promo_title": "Premixen",
      "validity": "za 27 t/m wo 31 dec",
      "image_url": "https://www.jumbo.com/dam-images/fit-in/360x360/Products/12122023_1702347262787_1702347267486_538643_BLK_05012461002566_C1N1.png",
      "source_url": "https://www.jumbo.com/aanbiedingen/premixen/3012756"
    },
    {
      "id": "557343BLK",
      "name": "Malibu - Strawberry Daiquiri - 250ML",
      "brand": "Malibu",
      "category": "Bier en wijn",
      "unit_size": "250 ml",
      "offer_price": 2.29,
      "normal_price": 2.29,
      "price_per_unit": 9.16,
      "price_unit": "l",
      "discount_tag": "Gratis bezorging​​",
      "promo_title": "Premixen",
      "validity": "za 27 t/m wo 31 dec",
      "image_url": "https://www.jumbo.com/dam-images/fit-in/360x360/Products/08082024_1723081717520_1723081721240_557343_BLK_07312040340118_C1N1.png",
      "source_url": "https://www.jumbo.com/aanbiedingen/premixen/3012756"
    },
    {
      "id": "679246BLK",
      "name": "Absolut Vodka Sprite Watermelon 250 ml",
      "brand": "Absolut",
      "category": "Bier en wijn",
      "unit_size": "250 ml",
      "offer_price": 2.39,
      "normal_price": 2.39,
      "price_per_unit": 9.56,
      "price_unit": "l",
      "discount_tag": "Gratis bezorging​​",
      "promo_title": "Premixen",
      "validity": "za 27 t/m wo 31 dec",
      "image_url": "https://www.jumbo.com/dam-images/fit-in/360x360/Products/01032025_1740799852542_1740799861078_679246_BLK_05449000336262_C1N1.png",
      "source_url": "https://www.jumbo.com/aanbiedingen/premixen/3012756"
    },
    {
      "id": "537143BLK",
      "name": "Fizzy Peachtree 250 ml",
      "brand": "Peachtree",
      "category": "Bier en wijn",
      "unit_size": "250 ML",
      "offer_price": 2.29,
      "normal_price": 2.29,
      "price_per_unit": 9.16,
      "price_unit": "l",
      "discount_tag": "Gratis bezorging​​",
      "promo_title": "Premixen",
      "validity": "za 27 t/m wo 31 dec",
      "image_url": "https://www.jumbo.com/dam-images/fit-in/360x360/Products/13022024_1707834861301_1707834870093_8710625524172_1.png",
      "source_url": "https://www.jumbo.com/aanbiedingen/premixen/3012756"
    },
    {
      "id": "557345BLK",
      "name": "Absolut - Raspberry Lemon - 250ML",
      "brand": "Absolut",
      "category": "Bier en wijn",
      "unit_size": "250 ml",
      "offer_price": 2.49,
      "normal_price": 2.49,
      "price_per_unit": 9.96,
      "price_unit": "l",
      "discount_tag": "Gratis bezorging​​",
      "promo_title": "Premixen",
      "validity": "za 27 t/m wo 31 dec",
      "image_url": "https://www.jumbo.com/dam-images/fit-in/360x360/Products/26102024_1729907725468_1729907737285_557345_BLK_07312040323043_C1N1.png",
      "source_url": "https://www.jumbo.com/aanbiedingen/premixen/3012756"
    },
    {
      "id": "537142BLK",
      "name": "Bobby's Gin & Pink Lemonade Amplified Mixed Drink 250 ml",
      "brand": "Bobby's",
      "category": "Bier en wijn",
      "unit_size": "250 ml",
      "offer_price": 2.59,
      "normal_price": 2.59,
      "price_per_unit": 10.36,
      "price_unit": "l",
      "discount_tag": "Gratis bezorging​​",
      "promo_title": "Premixen",
      "validity": "za 27 t/m wo 31 dec",
      "image_url": "https://www.jumbo.com/dam-images/fit-in/360x360/Products/08012025_1736346811149_1736346817507_8720844011377_1.png",
      "source_url": "https://www.jumbo.com/aanbiedingen/premixen/3012756"
    },
    {
      "id": "612742BLK",
      "name": "Absolut - Vodka Sprite - 250ML",
      "brand": "Absolut Sprite",
      "category": "Bier en wijn",
      "unit_size": "250 ml",
      "offer_price": 2.39,
      "normal_price": 2.39,
      "price_per_unit": 9.56,
      "price_unit": "l",
      "discount_tag": "Gratis bezorging​​",
      "promo_title": "Premixen",
      "validity": "za 27 t/m wo 31 dec",
      "image_url": "https://www.jumbo.com/dam-images/fit-in/360x360/Products/03022024_1706930889771_1706930894893_612742_BLK_05449000322982_H1N1.png",
      "source_url": "https://www.jumbo.com/aanbiedingen/premixen/3012756"
    },
    {
      "id": "558487BLK",
      "name": "MC Brown & Son - Rum & Cola - 250ML",
      "brand": "Mc Brown",
      "category": "Bier en wijn",
      "unit_size": null,
      "offer_price": 1.99,
      "normal_price": 1.99,
      "price_per_unit": 7.96,
      "price_unit": "l",
      "discount_tag": "Gratis bezorging​​",
      "promo_title": "Premixen",
      "validity": "za 27 t/m wo 31 dec",
      "image_url": "https://www.jumbo.com/dam-images/fit-in/360x360/Products/558487_4062073012355_1_T1_207744BLK1691079056708.png",
      "source_url": "https://www.jumbo.com/aanbiedingen/premixen/3012756"
    },
    {
      "id": "679511BLK",
      "name": "Gold Dry Premix Sky & Vodka 250 ml",
      "brand": "Gold Dry",
      "category": "Bier en wijn",
      "unit_size": "250 ml",
      "offer_price": 2.79,
      "normal_price": 2.79,
      "price_per_unit": 11.16,
      "price_unit": "l",
      "discount_tag": "Gratis bezorging​​",
      "promo_title": "Premixen",
      "validity": "za 27 t/m wo 31 dec",
      "image_url": "https://www.jumbo.com/dam-images/fit-in/360x360/Products/14022025_1739539735829_1739539740695_8720938023200_1.png",
      "source_url": "https://www.jumbo.com/aanbiedingen/premixen/3012756"
    },
    {
      "id": "692308BLK",
      "name": "Bacardi Tropical Breeze 250ML",
      "brand": "Bacardi",
      "category": "Bier en wijn",
      "unit_size": null,
      "offer_price": 2.49,
      "normal_price": 2.49,
      "price_per_unit": 9.96,
      "price_unit": "l",
      "discount_tag": "Gratis bezorging​​",
      "promo_title": "Premixen",
      "validity": "za 27 t/m wo 31 dec",
      "image_url": "https://www.jumbo.com/dam-images/fit-in/360x360/Products/09042025_1744196333402_1744196340749_692308_BLK_07610113030103_C1N1.png",
      "source_url": "https://www.jumbo.com/aanbiedingen/premixen/3012756"
    },
    {
      "id": "544716STK",
      "name": "CAPTAIN MORGan & COLA",
      "brand": "Captain Morgan",
      "category": "Bier en wijn",
      "unit_size": null,
      "offer_price": 2.39,
      "normal_price": 2.39,
      "price_per_unit": 9.56,
      "price_unit": "l",
      "discount_tag": "Gratis bezorging​​",
      "promo_title": "Premixen",
      "validity": "za 27 t/m wo 31 dec",
      "image_url": "https://www.jumbo.com/dam-images/fit-in/360x360/Products/08102025_1759886069520_1759886071918_544716_STK_08711300999889_C1N1.png",
      "source_url": "https://www.jumbo.com/aanbiedingen/premixen/3012756"
    },
    {
      "id": "534828BLK",
      "name": "Bacardi­ Mojito 250 ml",
      "brand": "Bacardi",
      "category": "Bier en wijn",
      "unit_size": null,
      "offer_price": 2.49,
      "normal_price": 2.49,
      "price_per_unit": 9.96,
      "price_unit": "l",
      "discount_tag": "Gratis bezorging​​",
      "promo_title": "Premixen",
      "validity": "za 27 t/m wo 31 dec",
      "image_url": "https://www.jumbo.com/dam-images/fit-in/360x360/Products/13122025_1765594975813_1765594977919_534828_BLK_05010677840095_C1N1.png",
      "source_url": "https://www.jumbo.com/aanbiedingen/premixen/3012756"
    },
    {
      "id": "684966BLK",
      "name": "Jack Daniel's Tennessee Whiskey Mixed with Coca-Cola Cherry 330 ml",
      "brand": "Jack & Coke",
      "category": "Bier en wijn",
      "unit_size": "330 ml",
      "offer_price": 2.99,
      "normal_price": 2.99,
      "price_per_unit": 9.06,
      "price_unit": "l",
      "discount_tag": "Gratis bezorging​​",
      "promo_title": "Premixen",
      "validity": "za 27 t/m wo 31 dec",
      "image_url": "https://www.jumbo.com/dam-images/fit-in/360x360/Products/08052025_1746668071007_1746668076953_684966_BLK_05449000336149_H1N1.png",
      "source_url": "https://www.jumbo.com/aanbiedingen/premixen/3012756"
    },
    {
      "id": "557208BLK",
      "name": "Bacardi Mango Mojito 250ML",
      "brand": "Bacardi",
      "category": "Bier en wijn",
      "unit_size": null,
      "offer_price": 2.49,
      "normal_price": 2.49,
      "price_per_unit": 9.96,
      "price_unit": "l",
      "discount_tag": "Gratis bezorging​​",
      "promo_title": "Premixen",
      "validity": "za 27 t/m wo 31 dec",
      "image_url": "https://www.jumbo.com/dam-images/fit-in/360x360/Products/05042025_1743818421282_1743818423833_557208_BLK_07610113022634_C1N1.png",
      "source_url": "https://www.jumbo.com/aanbiedingen/premixen/3012756"
    },
    {
      "id": "544717BLK",
      "name": "Smirnoff Ice Original Crisp Citrus 250 ml",
      "brand": "Smirnoff",
      "category": "Bier en wijn",
      "unit_size": "250 ml",
      "offer_price": 2.49,
      "normal_price": 2.49,
      "price_per_unit": 9.96,
      "price_unit": "l",
      "discount_tag": "Gratis bezorging​​",
      "promo_title": "Premixen",
      "validity": "za 27 t/m wo 31 dec",
      "image_url": "https://www.jumbo.com/dam-images/fit-in/360x360/Products/08102025_1759886303428_1759886306346_544717_BLK_08711300999933_C1N1.png",
      "source_url": "https://www.jumbo.com/aanbiedingen/premixen/3012756"
    },
    {
      "id": "537146BLK",
      "name": "De Kuyper - Fizzy Watermelon - 250ML",
      "brand": "Fizzy",
      "category": "Bier en wijn",
      "unit_size": "250 ml",
      "offer_price": 2.15,
      "normal_price": 2.15,
      "price_per_unit": 8.6,
      "price_unit": "l",
      "discount_tag": "Gratis bezorging​​",
      "promo_title": "Premixen",
      "validity": "za 27 t/m wo 31 dec",
      "image_url": "https://www.jumbo.com/dam-images/fit-in/360x360/Products/20022024_1708439651570_1708439660019_8710625238161_1.png",
      "source_url": "https://www.jumbo.com/aanbiedingen/premixen/3012756"
    },
    {
      "id": "705378BLK",
      "name": "BACARDI Sunset Punch 250ML",
      "brand": "Bacardi",
      "category": "Bier en wijn",
      "unit_size": null,
      "offer_price": 2.49,
      "normal_price": 2.49,
      "price_per_unit": 9.96,
      "price_unit": "l",
      "discount_tag": "Gratis bezorging​​",
      "promo_title": "Premixen",
      "validity": "za 27 t/m wo 31 dec",
      "image_url": "https://www.jumbo.com/dam-images/fit-in/360x360/Products/17062025_1750163231064_1750163234518_705378_BLK_07610113027455_C1N1.png",
      "source_url": "https://www.jumbo.com/aanbiedingen/premixen/3012756"
    },
    {
      "id": "535423BLK",
      "name": "William Lawson's & Cola  250ML",
      "brand": "William Lawson",
      "category": "Bier en wijn",
      "unit_size": null,
      "offer_price": 2.19,
      "normal_price": 2.19,
      "price_per_unit": 8.76,
      "price_unit": "l",
      "discount_tag": "Gratis bezorging​​",
      "promo_title": "Premixen",
      "validity": "za 27 t/m wo 31 dec",
      "image_url": "https://www.jumbo.com/dam-images/fit-in/360x360/Products/05042025_1743818982128_1743818984561_535423_BLK_07640330380057_C1N1.png",
      "source_url": "https://www.jumbo.com/aanbiedingen/premixen/3012756"
    }
  ]
}