{
  "supermarket": "Jumbo",
  "folder_week": "week-50-2025",
  "extracted_at": "2025-12-14T11:18:23.035239",
  "source_url": "https://www.jumbo.com/aanbiedingen/nu",
  "product_count": 1071,
  "promotion_count": 99,
  "products": [
    {
      "id": "583752ZK",
      "name": "Jumbo Gebroken Sperziebonen 400 g",
      "brand": "Jumbo",
      "category": "Aardappelen, groente en fruit",
      "unit_size": "400 g",
      "offer_price": 1.99,
      "normal_price": 2.29,
      "price_per_unit": 4.98,
      "price_unit": "kg",
      "discount_tag": "voor 1,99",
      "promo_title": "Jumbo Sperziebonen, Bloemkool, Broccoli of Herfstgroente",
      "validity": "wo 10 t/m di 16 dec",
      "image_url": "https://www.jumbo.com/dam-images/fit-in/360x360/Products/29072024_1722270917967_1722270926664_8718452773305_1.png",
      "source_url": "https://www.jumbo.com/aanbiedingen/jumbo-sperziebonen-bloemkool-broccoli-of-herfstgroente/3012241"
    },
    {
      "id": "212157STK",
      "name": "Jumbo Roosjesbloemkool 400 g",
      "brand": "Jumbo",
      "category": "Aardappelen, groente en fruit",
      "unit_size": "400 GRAM",
      "offer_price": 1.99,
      "normal_price": 2.39,
      "price_per_unit": 4.98,
      "price_unit": "kg",
      "discount_tag": "voor 1,99",
      "promo_title": "Jumbo Sperziebonen, Bloemkool, Broccoli of Herfstgroente",
      "validity": "wo 10 t/m di 16 dec",
      "image_url": "https://www.jumbo.com/dam-images/fit-in/360x360/Products/05062024_1717601667270_1717601675390_8718452789719_1.png",
      "source_url": "https://www.jumbo.com/aanbiedingen/jumbo-sperziebonen-bloemkool-broccoli-of-herfstgroente/3012241"
    },
    {
      "id": "200885ZK",
      "name": "Jumbo Roosjes Bloemkool & Broccoli 400 g",
      "brand": "Jumbo",
      "category": "Aardappelen, groente en fruit",
      "unit_size": "400 GRAM",
      "offer_price": 1.99,
      "normal_price": 2.39,
      "price_per_unit": 4.98,
      "price_unit": "kg",
      "discount_tag": "voor 1,99",
      "promo_title": "Jumbo Sperziebonen, Bloemkool, Broccoli of Herfstgroente",
      "validity": "wo 10 t/m di 16 dec",
      "image_url": "https://www.jumbo.com/dam-images/fit-in/360x360/Products/22082024_1724337260409_1724337276304_8718452776528_1.png",
      "source_url": "https://www.jumbo.com/aanbiedingen/jumbo-sperziebonen-bloemkool-broccoli-of-herfstgroente/3012241"
    },
    {
      "id": "212155STK",
      "name": "Jumbo Roosjes Broccoli 400 g",
      "brand": "Jumbo",
      "category": "Aardappelen, groente en fruit",
      "unit_size": "400 GRAM",
      "offer_price": 1.99,
      "normal_price": 2.39,
      "price_per_unit": 4.98,
      "price_unit": "kg",
      "discount_tag": "voor 1,99",
      "promo_title": "Jumbo Sperziebonen, Bloemkool, Broccoli of Herfstgroente",
      "validity": "wo 10 t/m di 16 dec",
      "image_url": "https://www.jumbo.com/dam-images/fit-in/360x360/Products/29072024_1722270916948_1722270926052_8718452789733_1.png",
      "source_url": "https://www.jumbo.com/aanbiedingen/jumbo-sperziebonen-bloemkool-broccoli-of-herfstgroente/3012241"
    },
    {
      "id": "583718STK",
      "name": "Jumbo Mix Wortel Bloemkool Broccoli 400 g",
      "brand": "Jumbo",
      "category": "Aardappelen, groente en fruit",
      "unit_size": "400 GRAM",
      "offer_price": 1.99,
      "normal_price": 2.69,
      "price_per_unit": 4.98,
      "price_unit": "kg",
      "discount_tag": "voor 1,99",
      "promo_title": "Jumbo Sperziebonen, Bloemkool, Broccoli of Herfstgroente",
      "validity": "wo 10 t/m di 16 dec",
      "image_url": "https://www.jumbo.com/dam-images/fit-in/360x360/Products/19062024_1718814836246_1718814846671_8718452776504_1.png",
      "source_url": "https://www.jumbo.com/aanbiedingen/jumbo-sperziebonen-bloemkool-broccoli-of-herfstgroente/3012241"
    },
    {
      "id": "703749ZK",
      "name": "Jumbo Herfstmix Spruit, Pompoen & Rode Ui 400 g",
      "brand": "Jumbo",
      "category": "Aardappelen, groente en fruit",
      "unit_size": "400 g",
      "offer_price": 1.99,
      "normal_price": 2.89,
      "price_per_unit": 4.98,
      "price_unit": "kg",
      "discount_tag": "voor 1,99",
      "promo_title": "Jumbo Sperziebonen, Bloemkool, Broccoli of Herfstgroente",
      "validity": "wo 10 t/m di 16 dec",
      "image_url": "https://www.jumbo.com/dam-images/fit-in/360x360/Products/20082025_1755696814361_1755696822056_8718452934393_1.png",
      "source_url": "https://www.jumbo.com/aanbiedingen/jumbo-sperziebonen-bloemkool-broccoli-of-herfstgroente/3012241"
    },
    {
      "id": "772313DS",
      "name": "Viennetta Dessertijs Vanille 650 ml",
      "brand": "Ola",
      "category": "Diepvries",
      "unit_size": "650 ml",
      "offer_price": 1.0,
      "normal_price": 3.59,
      "price_per_unit": 1.54,
      "price_unit": "l",
      "discount_tag": "voor 1,00",
      "promo_title": "Alle Viennetta",
      "validity": "wo 10 t/m di 16 dec",
      "image_url": "https://www.jumbo.com/dam-images/fit-in/360x360/Products/05062025_1749119590501_1749119597361_8000920200025_1.png",
      "source_url": "https://www.jumbo.com/aanbiedingen/alle-viennetta/3012975"
    },
    {
      "id": "81074DS",
      "name": "Viennetta Mini Dessertijs Vanille 125ml",
      "brand": "Ola",
      "category": "Diepvries",
      "unit_size": "125 ml",
      "offer_price": 1.0,
      "normal_price": 1.59,
      "price_per_unit": 8.0,
      "price_unit": "l",
      "discount_tag": "voor 1,00",
      "promo_title": "Alle Viennetta",
      "validity": "wo 10 t/m di 16 dec",
      "image_url": "https://www.jumbo.com/dam-images/fit-in/360x360/Products/25072024_1721873078662_1721873115530_81074_DS_08711200510689_C1N1.png",
      "source_url": "https://www.jumbo.com/aanbiedingen/alle-viennetta/3012975"
    },
    {
      "id": "306034ZK",
      "name": "Jumbo Elstar Appels Voordeelverpakking 1,5 kg",
      "brand": "Jumbo",
      "category": "Aardappelen, groente en fruit",
      "unit_size": "1.5 KILO",
      "offer_price": 2.89,
      "normal_price": 2.89,
      "price_per_unit": 1.93,
      "price_unit": "kg",
      "discount_tag": "1+1 gratis",
      "promo_title": "Elstar appels of Conference peren",
      "validity": "wo 10 t/m di 16 dec",
      "image_url": "https://www.jumbo.com/dam-images/fit-in/360x360/Products/10082023_1691677392872_1691677395732_8711715881755_1.png",
      "source_url": "https://www.jumbo.com/aanbiedingen/elstar-appels-of-conference-peren/3013551"
    },
    {
      "id": "376677STK",
      "name": "Jumbo Conference Peren 1KG",
      "brand": "Jumbo",
      "category": "Aardappelen, groente en fruit",
      "unit_size": "1 Kg",
      "offer_price": 2.09,
      "normal_price": 2.09,
      "price_per_unit": 2.09,
      "price_unit": "kg",
      "discount_tag": "1+1 gratis",
      "promo_title": "Elstar appels of Conference peren",
      "validity": "wo 10 t/m di 16 dec",
      "image_url": "https://www.jumbo.com/dam-images/fit-in/360x360/Products/09082023_1691586974866_1691586985642_8718452490479_1.png",
      "source_url": "https://www.jumbo.com/aanbiedingen/elstar-appels-of-conference-peren/3013551"
    },
    {
      "id": "522578SC",
      "name": "Jumbo Snackgroente Tomaatjes 500 g",
      "brand": "Jumbo",
      "category": "Aardappelen, groente en fruit",
      "unit_size": "500 G",
      "offer_price": 3.29,
      "normal_price": 3.29,
      "price_per_unit": 6.58,
      "price_unit": "kg",
      "discount_tag": "2 voor 5,00",
      "promo_title": "Snackgroente tomaatjes of komkommertjes",
      "validity": "wo 10 t/m di 16 dec",
      "image_url": "https://www.jumbo.com/dam-images/fit-in/360x360/Products/09082023_1691591028486_1691591086020_8718452687046_1.png",
      "source_url": "https://www.jumbo.com/aanbiedingen/snackgroente-tomaatjes-of-komkommertjes/3013598"
    },
    {
      "id": "522657SC",
      "name": "Jumbo Snackgroente Komkommertjes 400 g",
      "brand": "Jumbo",
      "category": "Aardappelen, groente en fruit",
      "unit_size": "400 G",
      "offer_price": 2.99,
      "normal_price": 2.99,
      "price_per_unit": 7.48,
      "price_unit": "kg",
      "discount_tag": "2 voor 5,00",
      "promo_title": "Snackgroente tomaatjes of komkommertjes",
      "validity": "wo 10 t/m di 16 dec",
      "image_url": "https://www.jumbo.com/dam-images/fit-in/360x360/Products/10082023_1691677711401_1691677715830_8718452687077_1.png",
      "source_url": "https://www.jumbo.com/aanbiedingen/snackgroente-tomaatjes-of-komkommertjes/3013598"
    },
    {
      "id": "211743ZK",
      "name": "Jumbo Minikrieltjes 450 g",
      "brand": "Jumbo",
      "category": "Aardappelen, groente en fruit",
      "unit_size": "450 GRAM",
      "offer_price": 0.95,
      "normal_price": 0.95,
      "price_per_unit": 2.11,
      "price_unit": "kg",
      "discount_tag": "2 voor 1,00",
      "promo_title": "Jumbo Minikrieltjes",
      "validity": "wo 10 t/m di 16 dec",
      "image_url": "https://www.jumbo.com/dam-images/fit-in/360x360/Products/17052024_1715942050654_1715942057540_8718452801558_1.png",
      "source_url": "https://www.jumbo.com/aanbiedingen/jumbo-minikrieltjes/3012135"
    },
    {
      "id": "391874ZK",
      "name": "Jumbo Minikrieltjes Bistro 425 g",
      "brand": "Jumbo",
      "category": "Aardappelen, groente en fruit",
      "unit_size": "425 GRAM",
      "offer_price": 0.93,
      "normal_price": 0.93,
      "price_per_unit": 2.19,
      "price_unit": "kg",
      "discount_tag": "2 voor 1,00",
      "promo_title": "Jumbo Minikrieltjes",
      "validity": "wo 10 t/m di 16 dec",
      "image_url": "https://www.jumbo.com/dam-images/fit-in/360x360/Products/17052024_1715942050910_1715942059237_8718452819140_1.png",
      "source_url": "https://www.jumbo.com/aanbiedingen/jumbo-minikrieltjes/3012135"
    },
    {
      "id": "71499NET",
      "name": "Jumbo Mandarijnen 1 kg",
      "brand": "Jumbo",
      "category": "Aardappelen, groente en fruit",
      "unit_size": "1 KG",
      "offer_price": 2.39,
      "normal_price": 2.39,
      "price_per_unit": 2.39,
      "price_unit": "kg",
      "discount_tag": "2 voor 4,00",
      "promo_title": "Mandarijnen",
      "validity": "wo 10 t/m di 16 dec",
      "image_url": "https://www.jumbo.com/dam-images/fit-in/360x360/Products/10082023_1691674955180_1691674959535_8711715881847_1.png",
      "source_url": "https://www.jumbo.com/aanbiedingen/mandarijnen/3013626"
    },
    {
      "id": "521758PAK",
      "name": "Taksi Tropisch Fruit Ananas Passievrucht 1,5 L",
      "brand": "Taksi",
      "category": "Frisdrank en sappen",
      "unit_size": "1.5 L",
      "offer_price": 1.0,
      "normal_price": 1.99,
      "price_per_unit": 0.67,
      "price_unit": "l",
      "discount_tag": "voor 1,00",
      "promo_title": "Appelsientje Fruitdrink of Taksi",
      "validity": "wo 10 t/m di 16 dec",
      "image_url": "https://www.jumbo.com/dam-images/fit-in/360x360/Products/20112025_1763612177411_1763612183710_521758_PAK_08713300042855_H1N1.png",
      "source_url": "https://www.jumbo.com/aanbiedingen/appelsientje-fruitdrink-of-taksi/3013065"
    },
    {
      "id": "412856PAK",
      "name": "Taksi Sinaasappel 1,5 L",
      "brand": "Taksi",
      "category": "Frisdrank en sappen",
      "unit_size": "1.5 L",
      "offer_price": 1.0,
      "normal_price": 1.99,
      "price_per_unit": 0.67,
      "price_unit": "l",
      "discount_tag": "voor 1,00",
      "promo_title": "Appelsientje Fruitdrink of Taksi",
      "validity": "wo 10 t/m di 16 dec",
      "image_url": "https://www.jumbo.com/dam-images/fit-in/360x360/Products/20112025_1763605003246_1763605011710_412856_PAK_08713300069456_H1N1.png",
      "source_url": "https://www.jumbo.com/aanbiedingen/appelsientje-fruitdrink-of-taksi/3013065"
    },
    {
      "id": "608974PAK",
      "name": "Appelsientje FruitDrink Mango 1 L",
      "brand": "Appelsientje",
      "category": "Frisdrank en sappen",
      "unit_size": "1 L",
      "offer_price": 1.0,
      "normal_price": 1.97,
      "price_per_unit": 1.0,
      "price_unit": "l",
      "discount_tag": "voor 1,00",
      "promo_title": "Appelsientje Fruitdrink of Taksi",
      "validity": "wo 10 t/m di 16 dec",
      "image_url": "https://www.jumbo.com/dam-images/fit-in/360x360/Products/20112025_1763641975874_1763641979293_8720157401674_1.png",
      "source_url": "https://www.jumbo.com/aanbiedingen/appelsientje-fruitdrink-of-taksi/3013065"
    },
    {
      "id": "608972PAK",
      "name": "Appelsientje FruitDrink Multifruit 1 L",
      "brand": "Appelsientje",
      "category": "Frisdrank en sappen",
      "unit_size": "1 L",
      "offer_price": 1.0,
      "normal_price": 1.97,
      "price_per_unit": 1.0,
      "price_unit": "l",
      "discount_tag": "voor 1,00",
      "promo_title": "Appelsientje Fruitdrink of Taksi",
      "validity": "wo 10 t/m di 16 dec",
      "image_url": "https://www.jumbo.com/dam-images/fit-in/360x360/Products/20112025_1763641975822_1763641979390_8720157401087_1.png",
      "source_url": "https://www.jumbo.com/aanbiedingen/appelsientje-fruitdrink-of-taksi/3013065"
    },
    {
      "id": "412708PAK",
      "name": "Taksi Tropisch Fruit 1,5 L",
      "brand": "Taksi",
      "category": "Frisdrank en sappen",
      "unit_size": "1.5 L",
      "offer_price": 1.0,
      "normal_price": 1.99,
      "price_per_unit": 0.67,
      "price_unit": "l",
      "discount_tag": "voor 1,00",
      "promo_title": "Appelsientje Fruitdrink of Taksi",
      "validity": "wo 10 t/m di 16 dec",
      "image_url": "https://www.jumbo.com/dam-images/fit-in/360x360/Products/20062025_1750411966978_1750411971678_8713300069463_1.png",
      "source_url": "https://www.jumbo.com/aanbiedingen/appelsientje-fruitdrink-of-taksi/3013065"
    },
    {
      "id": "608991PAK",
      "name": "Appelsientje FruitDrink Sinaasappel 1L",
      "brand": "Appelsientje",
      "category": "Frisdrank en sappen",
      "unit_size": "1 L",
      "offer_price": 1.0,
      "normal_price": 2.39,
      "price_per_unit": 1.0,
      "price_unit": "l",
      "discount_tag": "voor 1,00",
      "promo_title": "Appelsientje Fruitdrink of Taksi",
      "validity": "wo 10 t/m di 16 dec",
      "image_url": "https://www.jumbo.com/dam-images/fit-in/360x360/Products/20112025_1763641976135_1763641979601_8720157401124_1.png",
      "source_url": "https://www.jumbo.com/aanbiedingen/appelsientje-fruitdrink-of-taksi/3013065"
    },
    {
      "id": "608979PAK",
      "name": "Appelsientje FruitDrink Goudappeltje 1 L",
      "brand": "Appelsientje",
      "category": "Frisdrank en sappen",
      "unit_size": "1 L",
      "offer_price": 1.0,
      "normal_price": 1.99,
      "price_per_unit": 1.0,
      "price_unit": "l",
      "discount_tag": "voor 1,00",
      "promo_title": "Appelsientje Fruitdrink of Taksi",
      "validity": "wo 10 t/m di 16 dec",
      "image_url": "https://www.jumbo.com/dam-images/fit-in/360x360/Products/20112025_1763641976093_1763641979478_8720157401148_1.png",
      "source_url": "https://www.jumbo.com/aanbiedingen/appelsientje-fruitdrink-of-taksi/3013065"
    },
    {
      "id": "670387PAK",
      "name": "Appelsientje FruitDrink Tomaat 1L",
      "brand": "Appelsientje",
      "category": "Frisdrank en sappen",
      "unit_size": null,
      "offer_price": 1.0,
      "normal_price": 1.99,
      "price_per_unit": 1.0,
      "price_unit": "l",
      "discount_tag": "voor 1,00",
      "promo_title": "Appelsientje Fruitdrink of Taksi",
      "validity": "wo 10 t/m di 16 dec",
      "image_url": "https://www.jumbo.com/dam-images/fit-in/360x360/Products/20112025_1763645588332_1763645593913_8720157402862_1.png",
      "source_url": "https://www.jumbo.com/aanbiedingen/appelsientje-fruitdrink-of-taksi/3013065"
    },
    {
      "id": "608975PAK",
      "name": "Appelsientje FruitDrink Rode Druif 1 L",
      "brand": "Appelsientje",
      "category": "Frisdrank en sappen",
      "unit_size": "1 L",
      "offer_price": 1.0,
      "normal_price": 1.99,
      "price_per_unit": 1.0,
      "price_unit": "l",
      "discount_tag": "voor 1,00",
      "promo_title": "Appelsientje Fruitdrink of Taksi",
      "validity": "wo 10 t/m di 16 dec",
      "image_url": "https://www.jumbo.com/dam-images/fit-in/360x360/Products/20112025_1763641976092_1763641979934_8720157401100_1.png",
      "source_url": "https://www.jumbo.com/aanbiedingen/appelsientje-fruitdrink-of-taksi/3013065"
    },
    {
      "id": "204570PAK",
      "name": "Taksi Exotisch Fruit 1,5 L",
      "brand": "Taksi",
      "category": "Frisdrank en sappen",
      "unit_size": "1.5 L",
      "offer_price": 1.0,
      "normal_price": 1.99,
      "price_per_unit": 0.67,
      "price_unit": "l",
      "discount_tag": "voor 1,00",
      "promo_title": "Appelsientje Fruitdrink of Taksi",
      "validity": "wo 10 t/m di 16 dec",
      "image_url": "https://www.jumbo.com/dam-images/fit-in/360x360/Products/20112025_1763604357950_1763604365565_204570_PAK_08713300069906_H1N1.png",
      "source_url": "https://www.jumbo.com/aanbiedingen/appelsientje-fruitdrink-of-taksi/3013065"
    },
    {
      "id": "582891PAK",
      "name": "Taksi Jungle Fruit Kiwi, Mango Sinaasappel 1,5 L",
      "brand": "Taksi",
      "category": "Frisdrank en sappen",
      "unit_size": "1.5 L",
      "offer_price": 1.0,
      "normal_price": 1.99,
      "price_per_unit": 0.67,
      "price_unit": "l",
      "discount_tag": "voor 1,00",
      "promo_title": "Appelsientje Fruitdrink of Taksi",
      "validity": "wo 10 t/m di 16 dec",
      "image_url": "https://www.jumbo.com/dam-images/fit-in/360x360/Products/20112025_1763609894894_1763609906476_582891_PAK_08720157400844_H1N1.png",
      "source_url": "https://www.jumbo.com/aanbiedingen/appelsientje-fruitdrink-of-taksi/3013065"
    },
    {
      "id": "670383PAK",
      "name": "Taksi Drakenfruit Geen suiker toegevoegd 1,5L",
      "brand": "Taksi",
      "category": "Frisdrank en sappen",
      "unit_size": "1.5 L",
      "offer_price": 1.0,
      "normal_price": 1.99,
      "price_per_unit": 0.67,
      "price_unit": "l",
      "discount_tag": "voor 1,00",
      "promo_title": "Appelsientje Fruitdrink of Taksi",
      "validity": "wo 10 t/m di 16 dec",
      "image_url": "https://www.jumbo.com/dam-images/fit-in/360x360/Products/28062025_1751074608958_1751074622071_670383_PAK_08720157402824_A1N1.png",
      "source_url": "https://www.jumbo.com/aanbiedingen/appelsientje-fruitdrink-of-taksi/3013065"
    },
    {
      "id": "169209STK",
      "name": "Jumbo Witlof - 2-3 Personen - 500g",
      "brand": "Jumbo",
      "category": "Aardappelen, groente en fruit",
      "unit_size": "500 g",
      "offer_price": 1.49,
      "normal_price": 1.99,
      "price_per_unit": 2.98,
      "price_unit": "kg",
      "discount_tag": "voor 1,49",
      "promo_title": "Witlof",
      "validity": "wo 10 t/m di 16 dec",
      "image_url": "https://www.jumbo.com/dam-images/fit-in/360x360/Products/12052025_1747053186971_1747053193159_8718452456840_1.png",
      "source_url": "https://www.jumbo.com/aanbiedingen/witlof/3013624"
    },
    {
      "id": "418227PAK",
      "name": "Optimel Drinkyoghurt Mango Passievrucht 0% Vet 500ml",
      "brand": "Optimel",
      "category": "Zuivel, eieren, boter",
      "unit_size": "500 ml",
      "offer_price": 1.59,
      "normal_price": 1.59,
      "price_per_unit": 3.18,
      "price_unit": "l",
      "discount_tag": "1+1 gratis",
      "promo_title": "Alle Optimel",
      "validity": "wo 10 t/m di 16 dec",
      "image_url": "https://www.jumbo.com/dam-images/fit-in/360x360/Products/22082025_1755827524411_1755827534296_418227_PAK_08712800100966_C1N1.png",
      "source_url": "https://www.jumbo.com/aanbiedingen/alle-optimel/3012193"
    },
    {
      "id": "65649PAK",
      "name": "Optimel Drinkyoghurt Mango Passievrucht 0% Vet 1L",
      "brand": "Optimel",
      "category": "Zuivel, eieren, boter",
      "unit_size": "1000 ml",
      "offer_price": 2.19,
      "normal_price": 2.19,
      "price_per_unit": 2.19,
      "price_unit": "l",
      "discount_tag": "1+1 gratis",
      "promo_title": "Alle Optimel",
      "validity": "wo 10 t/m di 16 dec",
      "image_url": "https://www.jumbo.com/dam-images/fit-in/360x360/Products/19082025_1755567300569_1755567304053_65649_PAK_08712800035657_H1N1.png",
      "source_url": "https://www.jumbo.com/aanbiedingen/alle-optimel/3012193"
    },
    {
      "id": "62068PAK",
      "name": "Optimel Magere Yoghurt Perzik Passievrucht 0% Vet 1L",
      "brand": "Optimel",
      "category": "Zuivel, eieren, boter",
      "unit_size": "1000 ml",
      "offer_price": 2.49,
      "normal_price": 2.49,
      "price_per_unit": 2.49,
      "price_unit": "l",
      "discount_tag": "1+1 gratis",
      "promo_title": "Alle Optimel",
      "validity": "wo 10 t/m di 16 dec",
      "image_url": "https://www.jumbo.com/dam-images/fit-in/360x360/Products/17102025_1760666265890_1760666276112_62068_PAK_08712800024149_H1N1.png",
      "source_url": "https://www.jumbo.com/aanbiedingen/alle-optimel/3012193"
    },
    {
      "id": "432527PAK",
      "name": "Optimel Drinkyoghurt banaan 0% vet 1 L",
      "brand": "Optimel",
      "category": "Zuivel, eieren, boter",
      "unit_size": null,
      "offer_price": 2.19,
      "normal_price": 2.19,
      "price_per_unit": 2.19,
      "price_unit": "l",
      "discount_tag": "1+1 gratis",
      "promo_title": "Alle Optimel",
      "validity": "wo 10 t/m di 16 dec",
      "image_url": "https://www.jumbo.com/dam-images/fit-in/360x360/Products/19082025_1755567736973_1755567746389_432527_PAK_08712800126003_C1N1.png",
      "source_url": "https://www.jumbo.com/aanbiedingen/alle-optimel/3012193"
    },
    {
      "id": "671889PAK",
      "name": "Optimel Probiotica Drinkyoghurt Framboos Granaatappel 0% Vet 1000 ml",
      "brand": "Optimel",
      "category": "Zuivel, eieren, boter",
      "unit_size": "1000 ml",
      "offer_price": 2.29,
      "normal_price": 2.29,
      "price_per_unit": 2.29,
      "price_unit": "l",
      "discount_tag": "1+1 gratis",
      "promo_title": "Alle Optimel",
      "validity": "wo 10 t/m di 16 dec",
      "image_url": "https://www.jumbo.com/dam-images/fit-in/360x360/Products/15042025_1744709591542_1744709594874_8712800002697_1.png",
      "source_url": "https://www.jumbo.com/aanbiedingen/alle-optimel/3012193"
    },
    {
      "id": "64064PAK",
      "name": "Optimel Yoghurt Peer Kaneel 0% Vet Limited Edition 1L",
      "brand": "Optimel",
      "category": "Zuivel, eieren, boter",
      "unit_size": "1000 ml",
      "offer_price": 2.69,
      "normal_price": 2.69,
      "price_per_unit": 2.69,
      "price_unit": "l",
      "discount_tag": "1+1 gratis",
      "promo_title": "Alle Optimel",
      "validity": "wo 10 t/m di 16 dec",
      "image_url": "https://www.jumbo.com/dam-images/fit-in/360x360/Products/27092025_1758935862684_1758935870868_64064_PAK_08712800019060_H1N1.png",
      "source_url": "https://www.jumbo.com/aanbiedingen/alle-optimel/3012193"
    },
    {
      "id": "62069PAK",
      "name": "Optimel Magere Yoghurt Vanille 0% Vet 1L",
      "brand": "Optimel",
      "category": "Zuivel, eieren, boter",
      "unit_size": "1000 ml",
      "offer_price": 2.49,
      "normal_price": 2.49,
      "price_per_unit": 2.49,
      "price_unit": "l",
      "discount_tag": "1+1 gratis",
      "promo_title": "Alle Optimel",
      "validity": "wo 10 t/m di 16 dec",
      "image_url": "https://www.jumbo.com/dam-images/fit-in/360x360/Products/15042025_1744709589903_1744709592504_8712800024330_1.png",
      "source_url": "https://www.jumbo.com/aanbiedingen/alle-optimel/3012193"
    },
    {
      "id": "498984CUP",
      "name": "Optimel Magere Kwark met Magere Yoghurt Sinaasappel Abrikoos 0% Vet 500g",
      "brand": "Optimel",
      "category": "Zuivel, eieren, boter",
      "unit_size": "500 g",
      "offer_price": 2.79,
      "normal_price": 2.79,
      "price_per_unit": 5.58,
      "price_unit": "kg",
      "discount_tag": "1+1 gratis",
      "promo_title": "Alle Optimel",
      "validity": "wo 10 t/m di 16 dec",
      "image_url": "https://www.jumbo.com/dam-images/fit-in/360x360/Products/14022025_1739539353718_1739539358078_8712800187721_1.png",
      "source_url": "https://www.jumbo.com/aanbiedingen/alle-optimel/3012193"
    },
    {
      "id": "671841CUP",
      "name": "Optimel Probiotica Yoghurt Framboos Bosbes 0% Vet 450 g",
      "brand": "Optimel",
      "category": "Zuivel, eieren, boter",
      "unit_size": "450 g",
      "offer_price": 2.49,
      "normal_price": 2.49,
      "price_per_unit": 5.53,
      "price_unit": "kg",
      "discount_tag": "1+1 gratis",
      "promo_title": "Alle Optimel",
      "validity": "wo 10 t/m di 16 dec",
      "image_url": "https://www.jumbo.com/dam-images/fit-in/360x360/Products/04032025_1741091586189_1741091591708_8712800002727_1.png",
      "source_url": "https://www.jumbo.com/aanbiedingen/alle-optimel/3012193"
    },
    {
      "id": "612031PAK",
      "name": "Optimel Proteïne Drinkyoghurt Perzik Peer 0% Vet 1L",
      "brand": "Optimel",
      "category": "Zuivel, eieren, boter",
      "unit_size": "1000 ml",
      "offer_price": 2.69,
      "normal_price": 2.69,
      "price_per_unit": 2.69,
      "price_unit": "l",
      "discount_tag": "1+1 gratis",
      "promo_title": "Alle Optimel",
      "validity": "wo 10 t/m di 16 dec",
      "image_url": "https://www.jumbo.com/dam-images/fit-in/360x360/Products/15042025_1744709591202_1744709594770_8712800002376_1.png",
      "source_url": "https://www.jumbo.com/aanbiedingen/alle-optimel/3012193"
    },
    {
      "id": "62066PAK",
      "name": "Optimel Magere Yoghurt Bosvruchten 0% Vet 1L",
      "brand": "Optimel",
      "category": "Zuivel, eieren, boter",
      "unit_size": "1000 ml",
      "offer_price": 2.49,
      "normal_price": 2.49,
      "price_per_unit": 2.49,
      "price_unit": "l",
      "discount_tag": "1+1 gratis",
      "promo_title": "Alle Optimel",
      "validity": "wo 10 t/m di 16 dec",
      "image_url": "https://www.jumbo.com/dam-images/fit-in/360x360/Products/15042025_1744709590112_1744709593390_8712800024347_1.png",
      "source_url": "https://www.jumbo.com/aanbiedingen/alle-optimel/3012193"
    },
    {
      "id": "499069PAK",
      "name": "Optimel Drinkyoghurt Sinaasappel Aardbei 0% Vet 1L",
      "brand": "Optimel",
      "category": "Zuivel, eieren, boter",
      "unit_size": "1000 ml",
      "offer_price": 2.19,
      "normal_price": 2.19,
      "price_per_unit": 2.19,
      "price_unit": "l",
      "discount_tag": "1+1 gratis",
      "promo_title": "Alle Optimel",
      "validity": "wo 10 t/m di 16 dec",
      "image_url": "https://www.jumbo.com/dam-images/fit-in/360x360/Products/19082025_1755568489106_1755568492267_499069_PAK_08712800187790_H1N1.png",
      "source_url": "https://www.jumbo.com/aanbiedingen/alle-optimel/3012193"
    },
    {
      "id": "62067PAK",
      "name": "Optimel Magere Yoghurt Aardbei 0% Vet 1L",
      "brand": "Optimel",
      "category": "Zuivel, eieren, boter",
      "unit_size": "1000 ml",
      "offer_price": 2.59,
      "normal_price": 2.59,
      "price_per_unit": 2.59,
      "price_unit": "l",
      "discount_tag": "1+1 gratis",
      "promo_title": "Alle Optimel",
      "validity": "wo 10 t/m di 16 dec",
      "image_url": "https://www.jumbo.com/dam-images/fit-in/360x360/Products/15042025_1744709589919_1744709592772_8712800024354_1.png",
      "source_url": "https://www.jumbo.com/aanbiedingen/alle-optimel/3012193"
    },
    {
      "id": "202676STK",
      "name": "Optimel Kwark met Magere Yoghurt Vanille 0% Vet 500g",
      "brand": "Optimel",
      "category": "Zuivel, eieren, boter",
      "unit_size": "500 g",
      "offer_price": 2.59,
      "normal_price": 2.59,
      "price_per_unit": 5.18,
      "price_unit": "kg",
      "discount_tag": "1+1 gratis",
      "promo_title": "Alle Optimel",
      "validity": "wo 10 t/m di 16 dec",
      "image_url": "https://www.jumbo.com/dam-images/fit-in/360x360/Products/18022025_1739889360668_1739889406171_8712800182238_1.png",
      "source_url": "https://www.jumbo.com/aanbiedingen/alle-optimel/3012193"
    },
    {
      "id": "671840CUP",
      "name": "Optimel Probiotica Yoghurt Mango Passievrucht Smaak 0% Vet 450 g",
      "brand": "Optimel",
      "category": "Zuivel, eieren, boter",
      "unit_size": "450 g",
      "offer_price": 2.49,
      "normal_price": 2.49,
      "price_per_unit": 5.53,
      "price_unit": "kg",
      "discount_tag": "1+1 gratis",
      "promo_title": "Alle Optimel",
      "validity": "wo 10 t/m di 16 dec",
      "image_url": "https://www.jumbo.com/dam-images/fit-in/360x360/Products/19082025_1755566116599_1755566124646_671840_CUP_08712800002710_H1N1.png",
      "source_url": "https://www.jumbo.com/aanbiedingen/alle-optimel/3012193"
    },
    {
      "id": "65647PAK",
      "name": "Optimel Drinkyoghurt Limoen 0% Vet 1L",
      "brand": "Optimel",
      "category": "Zuivel, eieren, boter",
      "unit_size": "1000 ml",
      "offer_price": 2.19,
      "normal_price": 2.19,
      "price_per_unit": 2.19,
      "price_unit": "l",
      "discount_tag": "1+1 gratis",
      "promo_title": "Alle Optimel",
      "validity": "wo 10 t/m di 16 dec",
      "image_url": "https://www.jumbo.com/dam-images/fit-in/360x360/Products/19082025_1755567291189_1755567293942_65647_PAK_08712800035633_H1N1.png",
      "source_url": "https://www.jumbo.com/aanbiedingen/alle-optimel/3012193"
    },
    {
      "id": "612032CUP",
      "name": "Optimel Proteïne Yoghurt Perzik Passievrucht 0% Vet",
      "brand": "Optimel",
      "category": "Zuivel, eieren, boter",
      "unit_size": "450 g",
      "offer_price": 2.49,
      "normal_price": 2.49,
      "price_per_unit": 5.53,
      "price_unit": "kg",
      "discount_tag": "1+1 gratis",
      "promo_title": "Alle Optimel",
      "validity": "wo 10 t/m di 16 dec",
      "image_url": "https://www.jumbo.com/dam-images/fit-in/360x360/Products/03032025_1740968176948_1740968184245_612032_CUP_08712800000181_H1N1.png",
      "source_url": "https://www.jumbo.com/aanbiedingen/alle-optimel/3012193"
    },
    {
      "id": "671844PAK",
      "name": "Optimel Probiotica Drinkyoghurt Perzik Sinaasappel 0% Vet 1000 ml",
      "brand": "Optimel",
      "category": "Zuivel, eieren, boter",
      "unit_size": "1000 ml",
      "offer_price": 2.29,
      "normal_price": 2.29,
      "price_per_unit": 2.29,
      "price_unit": "l",
      "discount_tag": "1+1 gratis",
      "promo_title": "Alle Optimel",
      "validity": "wo 10 t/m di 16 dec",
      "image_url": "https://www.jumbo.com/dam-images/fit-in/360x360/Products/15042025_1744709591254_1744709594624_8712800002703_1.png",
      "source_url": "https://www.jumbo.com/aanbiedingen/alle-optimel/3012193"
    },
    {
      "id": "612027CUP",
      "name": "Optimel Proteïne Yoghurt Bosbes Vanillesmaak 0% Vet 450g",
      "brand": "Optimel",
      "category": "Zuivel, eieren, boter",
      "unit_size": "450 g",
      "offer_price": 2.49,
      "normal_price": 2.49,
      "price_per_unit": 5.53,
      "price_unit": "kg",
      "discount_tag": "1+1 gratis",
      "promo_title": "Alle Optimel",
      "validity": "wo 10 t/m di 16 dec",
      "image_url": "https://www.jumbo.com/dam-images/fit-in/360x360/Products/06032025_1741249972518_1741249979237_8712800037408_1.png",
      "source_url": "https://www.jumbo.com/aanbiedingen/alle-optimel/3012193"
    },
    {
      "id": "65689PAK",
      "name": "Optimel Drinkyoghurt Aardbei Kers 0% Vet 1L",
      "brand": "Optimel",
      "category": "Zuivel, eieren, boter",
      "unit_size": "1000 ml",
      "offer_price": 2.19,
      "normal_price": 2.19,
      "price_per_unit": 2.19,
      "price_unit": "l",
      "discount_tag": "1+1 gratis",
      "promo_title": "Alle Optimel",
      "validity": "wo 10 t/m di 16 dec",
      "image_url": "https://www.jumbo.com/dam-images/fit-in/360x360/Products/19082025_1755568076648_1755568079830_65689_PAK_08712800035640_H1N1.png",
      "source_url": "https://www.jumbo.com/aanbiedingen/alle-optimel/3012193"
    },
    {
      "id": "612030PAK",
      "name": "Optimel Proteïne Drinkyoghurt Aardbei Banaan 0% Vet 1L",
      "brand": "Optimel",
      "category": "Zuivel, eieren, boter",
      "unit_size": "1000 ml",
      "offer_price": 2.69,
      "normal_price": 2.69,
      "price_per_unit": 2.69,
      "price_unit": "l",
      "discount_tag": "1+1 gratis",
      "promo_title": "Alle Optimel",
      "validity": "wo 10 t/m di 16 dec",
      "image_url": "https://www.jumbo.com/dam-images/fit-in/360x360/Products/15042025_1744709591234_1744709594479_8712800002383_1.png",
      "source_url": "https://www.jumbo.com/aanbiedingen/alle-optimel/3012193"
    },
    {
      "id": "421722CUP",
      "name": "Optimel Magere Kwark met Magere Yoghurt Stracciatella Smaak 0% Vet 500g",
      "brand": "Optimel",
      "category": "Zuivel, eieren, boter",
      "unit_size": "500 g",
      "offer_price": 2.59,
      "normal_price": 2.59,
      "price_per_unit": 5.18,
      "price_unit": "kg",
      "discount_tag": "1+1 gratis",
      "promo_title": "Alle Optimel",
      "validity": "wo 10 t/m di 16 dec",
      "image_url": "https://www.jumbo.com/dam-images/fit-in/360x360/Products/14022025_1739539352822_1739539357040_8712800190790_1.png",
      "source_url": "https://www.jumbo.com/aanbiedingen/alle-optimel/3012193"
    },
    {
      "id": "65691PAK",
      "name": "Optimel Drinkyoghurt Framboos 0% Vet 1L",
      "brand": "Optimel",
      "category": "Zuivel, eieren, boter",
      "unit_size": "1000 ml",
      "offer_price": 2.19,
      "normal_price": 2.19,
      "price_per_unit": 2.19,
      "price_unit": "l",
      "discount_tag": "1+1 gratis",
      "promo_title": "Alle Optimel",
      "validity": "wo 10 t/m di 16 dec",
      "image_url": "https://www.jumbo.com/dam-images/fit-in/360x360/Products/19082025_1755568237999_1755568240906_65691_PAK_08712800035626_H1N1.png",
      "source_url": "https://www.jumbo.com/aanbiedingen/alle-optimel/3012193"
    },
    {
      "id": "507199PAK",
      "name": "Optimel Magere Vla Vanillesmaak 0% Vet 1L",
      "brand": "Optimel",
      "category": "Zuivel, eieren, boter",
      "unit_size": "1000 ml",
      "offer_price": 2.49,
      "normal_price": 2.49,
      "price_per_unit": 2.49,
      "price_unit": "l",
      "discount_tag": "1+1 gratis",
      "promo_title": "Alle Optimel",
      "validity": "wo 10 t/m di 16 dec",
      "image_url": "https://www.jumbo.com/dam-images/fit-in/360x360/Products/15042025_1744709591053_1744709593660_8712800015406_1.png",
      "source_url": "https://www.jumbo.com/aanbiedingen/alle-optimel/3012193"
    },
    {
      "id": "715101FLS",
      "name": "Optimel Proteïne Extra Drinkyoghurt Framboos Aardbei 0% Vet 330ML",
      "brand": "Optimel",
      "category": "Zuivel, eieren, boter",
      "unit_size": "330 ml",
      "offer_price": 1.89,
      "normal_price": 1.89,
      "price_per_unit": 5.73,
      "price_unit": "l",
      "discount_tag": "1+1 gratis",
      "promo_title": "Alle Optimel",
      "validity": "wo 10 t/m di 16 dec",
      "image_url": "https://www.jumbo.com/dam-images/fit-in/360x360/Products/22092025_1758555239013_1758555244053_8712800002918_1.png",
      "source_url": "https://www.jumbo.com/aanbiedingen/alle-optimel/3012193"
    },
    {
      "id": "715332PAK",
      "name": "Optimel Proteïne Drinkyoghurt Bosbes Vanillesmaak 0% Vet 1L",
      "brand": "Optimel",
      "category": "Zuivel, eieren, boter",
      "unit_size": "1000 ml",
      "offer_price": 2.69,
      "normal_price": 2.69,
      "price_per_unit": 2.69,
      "price_unit": "l",
      "discount_tag": "1+1 gratis",
      "promo_title": "Alle Optimel",
      "validity": "wo 10 t/m di 16 dec",
      "image_url": "https://www.jumbo.com/dam-images/fit-in/360x360/Products/30092025_1759239190035_1759239193866_8712800037460_1.png",
      "source_url": "https://www.jumbo.com/aanbiedingen/alle-optimel/3012193"
    },
    {
      "id": "68927BAK",
      "name": "Optimel Magere Kwark met Magere Yoghurt Winter Orange 0% Vet Limited Edition 500 g",
      "brand": "Optimel",
      "category": "Zuivel, eieren, boter",
      "unit_size": "500 g",
      "offer_price": 2.79,
      "normal_price": 2.79,
      "price_per_unit": 5.58,
      "price_unit": "kg",
      "discount_tag": "1+1 gratis",
      "promo_title": "Alle Optimel",
      "validity": "wo 10 t/m di 16 dec",
      "image_url": "https://www.jumbo.com/dam-images/fit-in/360x360/Products/28092025_1759021591498_1759021598059_68927_BAK_08712800019039_H1N1.png",
      "source_url": "https://www.jumbo.com/aanbiedingen/alle-optimel/3012193"
    },
    {
      "id": "457844CUP",
      "name": "Optimel Magere Kwark met Magere Yoghurt Bosbes 0% Vet 500g",
      "brand": "Optimel",
      "category": "Zuivel, eieren, boter",
      "unit_size": "500 g",
      "offer_price": 2.59,
      "normal_price": 2.59,
      "price_per_unit": 5.18,
      "price_unit": "kg",
      "discount_tag": "1+1 gratis",
      "promo_title": "Alle Optimel",
      "validity": "wo 10 t/m di 16 dec",
      "image_url": "https://www.jumbo.com/dam-images/fit-in/360x360/Products/14022025_1739539374019_1739539376990_8712800000723_1.png",
      "source_url": "https://www.jumbo.com/aanbiedingen/alle-optimel/3012193"
    },
    {
      "id": "512896CUP",
      "name": "Optimel Magere Kwark met Magere Yoghurt Appel Kaneel 0% Vet 500g",
      "brand": "Optimel",
      "category": "Zuivel, eieren, boter",
      "unit_size": "500 g",
      "offer_price": 2.59,
      "normal_price": 2.59,
      "price_per_unit": 5.18,
      "price_unit": "kg",
      "discount_tag": "1+1 gratis",
      "promo_title": "Alle Optimel",
      "validity": "wo 10 t/m di 16 dec",
      "image_url": "https://www.jumbo.com/dam-images/fit-in/360x360/Products/14022025_1739539353861_1739539357712_8712800007074_1.png",
      "source_url": "https://www.jumbo.com/aanbiedingen/alle-optimel/3012193"
    },
    {
      "id": "65885PAK",
      "name": "Optimel Drinkyoghurt Cheeky Cherry 0% Vet Limited Edition 1L",
      "brand": "Optimel",
      "category": "Zuivel, eieren, boter",
      "unit_size": "1000 ml",
      "offer_price": 2.29,
      "normal_price": 2.29,
      "price_per_unit": 2.29,
      "price_unit": "l",
      "discount_tag": "1+1 gratis",
      "promo_title": "Alle Optimel",
      "validity": "wo 10 t/m di 16 dec",
      "image_url": "https://www.jumbo.com/dam-images/fit-in/360x360/Products/27092025_1758937160748_1758937166211_65885_PAK_08712800019404_H1N1.png",
      "source_url": "https://www.jumbo.com/aanbiedingen/alle-optimel/3012193"
    },
    {
      "id": "712760PAK",
      "name": "Optimel Magere Kwark met Magere Yoghurt Aardbei 0% Vet 500g",
      "brand": "Optimel",
      "category": "Zuivel, eieren, boter",
      "unit_size": "500 g",
      "offer_price": 2.59,
      "normal_price": 2.59,
      "price_per_unit": 5.18,
      "price_unit": "kg",
      "discount_tag": "1+1 gratis",
      "promo_title": "Alle Optimel",
      "validity": "wo 10 t/m di 16 dec",
      "image_url": "https://www.jumbo.com/dam-images/fit-in/360x360/Products/14022025_1739539354080_1739539359030_8712800020370_1.png",
      "source_url": "https://www.jumbo.com/aanbiedingen/alle-optimel/3012193"
    },
    {
      "id": "715100FLS",
      "name": "Optimel Proteïne Extra Drinkyoghurt Mango Sinaasappel 0% Vet 330ML",
      "brand": "Optimel",
      "category": "Zuivel, eieren, boter",
      "unit_size": "330 ml",
      "offer_price": 1.89,
      "normal_price": 1.89,
      "price_per_unit": 5.73,
      "price_unit": "l",
      "discount_tag": "1+1 gratis",
      "promo_title": "Alle Optimel",
      "validity": "wo 10 t/m di 16 dec",
      "image_url": "https://www.jumbo.com/dam-images/fit-in/360x360/Products/22092025_1758555238993_1758555245248_8712800002925_1.png",
      "source_url": "https://www.jumbo.com/aanbiedingen/alle-optimel/3012193"
    },
    {
      "id": "65700PAK",
      "name": "Optimel Drinkyoghurt Framboos 0% Vet 500ml",
      "brand": "Optimel",
      "category": "Zuivel, eieren, boter",
      "unit_size": "500 ml",
      "offer_price": 1.59,
      "normal_price": 1.59,
      "price_per_unit": 3.18,
      "price_unit": "l",
      "discount_tag": "1+1 gratis",
      "promo_title": "Alle Optimel",
      "validity": "wo 10 t/m di 16 dec",
      "image_url": "https://www.jumbo.com/dam-images/fit-in/360x360/Products/22082025_1755825253698_1755825256670_65700_PAK_08712800035732_H1N1.png",
      "source_url": "https://www.jumbo.com/aanbiedingen/alle-optimel/3012193"
    },
    {
      "id": "198297STK",
      "name": "Optimel Drinkyoghurt Aardbei 0% Vet 1L",
      "brand": "Optimel",
      "category": "Zuivel, eieren, boter",
      "unit_size": "1000 ml",
      "offer_price": 2.19,
      "normal_price": 2.19,
      "price_per_unit": 2.19,
      "price_unit": "l",
      "discount_tag": "1+1 gratis",
      "promo_title": "Alle Optimel",
      "validity": "wo 10 t/m di 16 dec",
      "image_url": "https://www.jumbo.com/dam-images/fit-in/360x360/Products/19082025_1755567348443_1755567351623_198297_STK_08712800177609_H1N1.png",
      "source_url": "https://www.jumbo.com/aanbiedingen/alle-optimel/3012193"
    },
    {
      "id": "673417DS",
      "name": "Jumbo Blauwe Bessen 300 g",
      "brand": "Jumbo",
      "category": "Aardappelen, groente en fruit",
      "unit_size": "300 G",
      "offer_price": 3.49,
      "normal_price": 4.49,
      "price_per_unit": 11.63,
      "price_unit": "kg",
      "discount_tag": "voor 3,49",
      "promo_title": "Blauwe bessen",
      "validity": "wo 10 t/m di 16 dec",
      "image_url": "https://www.jumbo.com/dam-images/fit-in/360x360/Products/04122025_1764855193718_1764855200410_8711715818577_1.png",
      "source_url": "https://www.jumbo.com/aanbiedingen/blauwe-bessen/3013573"
    },
    {
      "id": "723669EM",
      "name": "Jumbo's Verse Soep Mosterd Spekjes 500 g",
      "brand": "Jumbo's",
      "category": "Verse maaltijden en gemak",
      "unit_size": "500 g",
      "offer_price": 2.84,
      "normal_price": 3.79,
      "price_per_unit": 5.68,
      "price_unit": "kg",
      "discount_tag": "25% korting",
      "promo_title": "Jumbo's kerstsoepen",
      "validity": "wo 3 t/m di 16 dec",
      "image_url": "https://www.jumbo.com/dam-images/fit-in/360x360/Products/24112025_1763976802190_1763976808081_8718452974436_1.png",
      "source_url": "https://www.jumbo.com/aanbiedingen/jumbos-kerstsoepen/3012177"
    },
    {
      "id": "723668EM",
      "name": "Jumbo's Verse Soep Garnalenbisque Oosterse Stijl 500 g",
      "brand": "Jumbo's",
      "category": "Verse maaltijden en gemak",
      "unit_size": "500 g",
      "offer_price": 3.59,
      "normal_price": 4.79,
      "price_per_unit": 7.18,
      "price_unit": "kg",
      "discount_tag": "25% korting",
      "promo_title": "Jumbo's kerstsoepen",
      "validity": "wo 3 t/m di 16 dec",
      "image_url": "https://www.jumbo.com/dam-images/fit-in/360x360/Products/24112025_1763976802305_1763976808478_8718452974429_1.png",
      "source_url": "https://www.jumbo.com/aanbiedingen/jumbos-kerstsoepen/3012177"
    },
    {
      "id": "723700EM",
      "name": "Jumbo's Verse Soep Bospaddenstoel Truffelsmaak 500 g",
      "brand": "Jumbo's",
      "category": "Verse maaltijden en gemak",
      "unit_size": "500 g",
      "offer_price": 2.84,
      "normal_price": 3.79,
      "price_per_unit": 5.68,
      "price_unit": "kg",
      "discount_tag": "25% korting",
      "promo_title": "Jumbo's kerstsoepen",
      "validity": "wo 3 t/m di 16 dec",
      "image_url": "https://www.jumbo.com/dam-images/fit-in/360x360/Products/24112025_1763976802438_1763976807904_8718452974443_1.png",
      "source_url": "https://www.jumbo.com/aanbiedingen/jumbos-kerstsoepen/3012177"
    },
    {
      "id": "723667EM",
      "name": "Jumbo's Verse Soep Tomaat Chorizo Catalaanse Stijl 500 g",
      "brand": "Jumbo's",
      "category": "Verse maaltijden en gemak",
      "unit_size": "500 g",
      "offer_price": 2.84,
      "normal_price": 3.79,
      "price_per_unit": 5.68,
      "price_unit": "kg",
      "discount_tag": "25% korting",
      "promo_title": "Jumbo's kerstsoepen",
      "validity": "wo 3 t/m di 16 dec",
      "image_url": "https://www.jumbo.com/dam-images/fit-in/360x360/Products/24112025_1763976802014_1763976806628_8718452974412_1.png",
      "source_url": "https://www.jumbo.com/aanbiedingen/jumbos-kerstsoepen/3012177"
    },
    {
      "id": "679082TRA",
      "name": "Jumbo Magere Spekblokjes 250 g",
      "brand": "Jumbo",
      "category": "Vlees, vis en vega",
      "unit_size": "250 g",
      "offer_price": 4.59,
      "normal_price": 4.59,
      "price_per_unit": 18.36,
      "price_unit": "kg",
      "discount_tag": "2 voor 6,00",
      "promo_title": "Spekreepjes, hamreepjes, spekblokjes of hamblokjes",
      "validity": "wo 3 t/m wo 31 dec",
      "image_url": "https://www.jumbo.com/dam-images/fit-in/360x360/Products/22102025_1761132775355_1761132782127_8718452903504_1.png",
      "source_url": "https://www.jumbo.com/aanbiedingen/spekreepjes-hamreepjes-spekblokjes-of-hamblokjes/3012042"
    },
    {
      "id": "679080TRA",
      "name": "Jumbo Gerookte Spekblokjes 250 g",
      "brand": "Jumbo",
      "category": "Vlees, vis en vega",
      "unit_size": "250 g",
      "offer_price": 4.59,
      "normal_price": 4.59,
      "price_per_unit": 18.36,
      "price_unit": "kg",
      "discount_tag": "2 voor 6,00",
      "promo_title": "Spekreepjes, hamreepjes, spekblokjes of hamblokjes",
      "validity": "wo 3 t/m wo 31 dec",
      "image_url": "https://www.jumbo.com/dam-images/fit-in/360x360/Products/22102025_1761132775344_1761132781838_8718452903498_1.png",
      "source_url": "https://www.jumbo.com/aanbiedingen/spekreepjes-hamreepjes-spekblokjes-of-hamblokjes/3012042"
    },
    {
      "id": "679081TRA",
      "name": "Jumbo Gerookte Spek Reepjes 250 g",
      "brand": "Jumbo",
      "category": "Vlees, vis en vega",
      "unit_size": "250 g",
      "offer_price": 4.74,
      "normal_price": 4.74,
      "price_per_unit": 18.96,
      "price_unit": "kg",
      "discount_tag": "2 voor 6,00",
      "promo_title": "Spekreepjes, hamreepjes, spekblokjes of hamblokjes",
      "validity": "wo 3 t/m wo 31 dec",
      "image_url": "https://www.jumbo.com/dam-images/fit-in/360x360/Products/03062025_1748946834319_1748946842501_8718452903481_1.png",
      "source_url": "https://www.jumbo.com/aanbiedingen/spekreepjes-hamreepjes-spekblokjes-of-hamblokjes/3012042"
    },
    {
      "id": "695841ZK",
      "name": "Jumbo Gekookte Hamblokjes 2 x 125 g",
      "brand": "Jumbo",
      "category": "Vlees, vis en vega",
      "unit_size": "2 x 125 g",
      "offer_price": 3.95,
      "normal_price": 3.95,
      "price_per_unit": 15.8,
      "price_unit": "kg",
      "discount_tag": "2 voor 6,00",
      "promo_title": "Spekreepjes, hamreepjes, spekblokjes of hamblokjes",
      "validity": "wo 3 t/m wo 31 dec",
      "image_url": "https://www.jumbo.com/dam-images/fit-in/360x360/Products/26062025_1750948395532_1750948401762_8718452895748_1.png",
      "source_url": "https://www.jumbo.com/aanbiedingen/spekreepjes-hamreepjes-spekblokjes-of-hamblokjes/3012042"
    },
    {
      "id": "306009BAK",
      "name": "Jumbo Druiven Wit Pitloos 500 g",
      "brand": "Jumbo",
      "category": "Aardappelen, groente en fruit",
      "unit_size": "500 G",
      "offer_price": 2.99,
      "normal_price": 2.99,
      "price_per_unit": 5.98,
      "price_unit": "kg",
      "discount_tag": "2 voor 4,50",
      "promo_title": "Combikorting groente en fruit",
      "validity": "wo 10 t/m di 16 dec",
      "image_url": "https://www.jumbo.com/dam-images/fit-in/360x360/Products/18092023_1695058491114_1695058498827_8711715881939_1.png",
      "source_url": "https://www.jumbo.com/aanbiedingen/combikorting-groente-en-fruit/3013625"
    },
    {
      "id": "213957BAK",
      "name": "Zespri Kiwifruit Green 3 Stuks",
      "brand": "Zespri",
      "category": "Aardappelen, groente en fruit",
      "unit_size": null,
      "offer_price": 2.49,
      "normal_price": 2.49,
      "price_per_unit": 0.83,
      "price_unit": "pieces",
      "discount_tag": "2 voor 4,50",
      "promo_title": "Combikorting groente en fruit",
      "validity": "wo 10 t/m di 16 dec",
      "image_url": "https://www.jumbo.com/dam-images/fit-in/360x360/Products/09082023_1691584972776_1691584978585_8710147617574_1.png",
      "source_url": "https://www.jumbo.com/aanbiedingen/combikorting-groente-en-fruit/3013625"
    },
    {
      "id": "697253STK",
      "name": "Jumbo Avocado Eetrijp 2 Stuks",
      "brand": "Jumbo",
      "category": "Aardappelen, groente en fruit",
      "unit_size": null,
      "offer_price": 2.99,
      "normal_price": 2.99,
      "price_per_unit": 1.5,
      "price_unit": "pieces",
      "discount_tag": "2 voor 4,50",
      "promo_title": "Combikorting groente en fruit",
      "validity": "wo 10 t/m di 16 dec",
      "image_url": "https://www.jumbo.com/dam-images/fit-in/360x360/Products/08052025_1746714772366_1746714776318_8718452180288_1.png",
      "source_url": "https://www.jumbo.com/aanbiedingen/combikorting-groente-en-fruit/3013625"
    },
    {
      "id": "136175STK",
      "name": "Bimi 200 g",
      "brand": "Bimi",
      "category": "Aardappelen, groente en fruit",
      "unit_size": null,
      "offer_price": 2.99,
      "normal_price": 2.99,
      "price_per_unit": 14.95,
      "price_unit": "kg",
      "discount_tag": "2 voor 4,50",
      "promo_title": "Combikorting groente en fruit",
      "validity": "wo 10 t/m di 16 dec",
      "image_url": "https://www.jumbo.com/dam-images/fit-in/360x360/Products/BimiPortraitPrePrintDUTCHPlanetProofNoBackground904acf12-fe25-4b39-a91a-e54e20371748-1718032244795.png",
      "source_url": "https://www.jumbo.com/aanbiedingen/combikorting-groente-en-fruit/3013625"
    },
    {
      "id": "211863BAK",
      "name": "Zespri Kiwifruit Sungold 3 Stuks",
      "brand": "Zespri",
      "category": "Aardappelen, groente en fruit",
      "unit_size": null,
      "offer_price": 3.39,
      "normal_price": 3.39,
      "price_per_unit": 1.13,
      "price_unit": "pieces",
      "discount_tag": "2 voor 4,50",
      "promo_title": "Combikorting groente en fruit",
      "validity": "wo 10 t/m di 16 dec",
      "image_url": "https://www.jumbo.com/dam-images/fit-in/360x360/Products/29092023_1695995409089_1695995419368_8710147615525_1.png",
      "source_url": "https://www.jumbo.com/aanbiedingen/combikorting-groente-en-fruit/3013625"
    },
    {
      "id": "709928PAK",
      "name": "Jumbo Spicy Pasta Paprika Verspakket 700g",
      "brand": "Jumbo",
      "category": "Verse maaltijden en gemak",
      "unit_size": null,
      "offer_price": 4.49,
      "normal_price": 5.49,
      "price_per_unit": 7.84,
      "price_unit": "kg",
      "discount_tag": "1,00 korting",
      "promo_title": "Jumbo Italiaanse Maaltijdpakketten",
      "validity": "wo 10 t/m di 16 dec",
      "image_url": "",
      "source_url": "https://www.jumbo.com/aanbiedingen/jumbo-italiaanse-maaltijdpakketten/3012179"
    },
    {
      "id": "644235DS",
      "name": "Jumbo Verspakket Tomatenrisotto 4 Personen",
      "brand": "Jumbo",
      "category": "Verse maaltijden en gemak",
      "unit_size": "1000 g",
      "offer_price": 4.89,
      "normal_price": 5.89,
      "price_per_unit": 5.89,
      "price_unit": "kg",
      "discount_tag": "1,00 korting",
      "promo_title": "Jumbo Italiaanse Maaltijdpakketten",
      "validity": "wo 10 t/m di 16 dec",
      "image_url": "https://www.jumbo.com/dam-images/fit-in/360x360/Products/03092025_1756888444691_1756888452737_8718452857135_1.png",
      "source_url": "https://www.jumbo.com/aanbiedingen/jumbo-italiaanse-maaltijdpakketten/3012179"
    },
    {
      "id": "709501DS",
      "name": "Jumbo Spaghetti Bolognese Verspakket 4 Personen",
      "brand": "Jumbo",
      "category": "Verse maaltijden en gemak",
      "unit_size": "910 g",
      "offer_price": 4.89,
      "normal_price": 5.89,
      "price_per_unit": 5.37,
      "price_unit": "kg",
      "discount_tag": "1,00 korting",
      "promo_title": "Jumbo Italiaanse Maaltijdpakketten",
      "validity": "wo 10 t/m di 16 dec",
      "image_url": "https://www.jumbo.com/dam-images/fit-in/360x360/Products/06102025_1759754031815_1759754037726_8718452933068_1.png",
      "source_url": "https://www.jumbo.com/aanbiedingen/jumbo-italiaanse-maaltijdpakketten/3012179"
    },
    {
      "id": "478005ZK",
      "name": "Jumbo Italiaanse Lasagne Verspakket 4 Personen",
      "brand": "Jumbo",
      "category": "Verse maaltijden en gemak",
      "unit_size": "1170 g",
      "offer_price": 4.49,
      "normal_price": 5.49,
      "price_per_unit": 3.84,
      "price_unit": "kg",
      "discount_tag": "1,00 korting",
      "promo_title": "Jumbo Italiaanse Maaltijdpakketten",
      "validity": "wo 10 t/m di 16 dec",
      "image_url": "https://www.jumbo.com/dam-images/fit-in/360x360/Products/06102025_1759757637298_1759757642954_8718452766727_1.png",
      "source_url": "https://www.jumbo.com/aanbiedingen/jumbo-italiaanse-maaltijdpakketten/3012179"
    },
    {
      "id": "567000DS",
      "name": "Jumbo Italiaanse Fusili Salsa Rossa Verspakket 4 Personen",
      "brand": "Jumbo",
      "category": "Verse maaltijden en gemak",
      "unit_size": "980 g",
      "offer_price": 4.89,
      "normal_price": 5.89,
      "price_per_unit": 5.16,
      "price_unit": "kg",
      "discount_tag": "1,00 korting",
      "promo_title": "Jumbo Italiaanse Maaltijdpakketten",
      "validity": "wo 10 t/m di 16 dec",
      "image_url": "https://www.jumbo.com/dam-images/fit-in/360x360/Products/03092025_1756888443981_1756888450427_8718452745586_1.png",
      "source_url": "https://www.jumbo.com/aanbiedingen/jumbo-italiaanse-maaltijdpakketten/3012179"
    },
    {
      "id": "308441BAK",
      "name": "Jumbo Gourmet Mini Kipschnitzel Gepaneerd 120 g",
      "brand": "Jumbo",
      "category": "Vlees, vis en vega",
      "unit_size": "120 g",
      "offer_price": 2.5,
      "normal_price": 2.5,
      "price_per_unit": 20.83,
      "price_unit": "kg",
      "discount_tag": "4 voor 8,00",
      "promo_title": "Kies & Mix gourmet mini's",
      "validity": null,
      "image_url": "https://www.jumbo.com/dam-images/fit-in/360x360/Products/01122025_1764595992577_1764595998265_8718452883851_1.png",
      "source_url": "https://www.jumbo.com/aanbiedingen/kies-mix-gourmet-minis/3012537"
    },
    {
      "id": "729565TRA",
      "name": "Jumbo Mini Varkens Chipolata 120 g",
      "brand": "Jumbo",
      "category": "Vlees, vis en vega",
      "unit_size": "120 g",
      "offer_price": 2.29,
      "normal_price": 2.29,
      "price_per_unit": 19.08,
      "price_unit": "kg",
      "discount_tag": "4 voor 8,00",
      "promo_title": "Kies & Mix gourmet mini's",
      "validity": null,
      "image_url": "https://www.jumbo.com/dam-images/fit-in/360x360/Products/11112025_1762857188059_1762857192839_8718452755325_1.png",
      "source_url": "https://www.jumbo.com/aanbiedingen/kies-mix-gourmet-minis/3012537"
    },
    {
      "id": "684371BAK",
      "name": "Jumbo Gourmet Torpedo Garnalen Knoflook 100 g",
      "brand": "Jumbo",
      "category": "Vlees, vis en vega",
      "unit_size": "100 g",
      "offer_price": 3.0,
      "normal_price": 3.0,
      "price_per_unit": 30.0,
      "price_unit": "kg",
      "discount_tag": "4 voor 8,00",
      "promo_title": "Kies & Mix gourmet mini's",
      "validity": null,
      "image_url": "https://www.jumbo.com/dam-images/fit-in/360x360/Products/08718452910168T1118506322ce3f2bce-e0b2-4788-b3ee-98ae1243cd56-1765292720800.png",
      "source_url": "https://www.jumbo.com/aanbiedingen/kies-mix-gourmet-minis/3012537"
    },
    {
      "id": "707044BAK",
      "name": "Jumbo Gourmet Elkaar Vega Mini Mozzarella Burger 120 g",
      "brand": "Jumbo",
      "category": "Vlees, vis en vega",
      "unit_size": "120 g",
      "offer_price": 2.25,
      "normal_price": 2.25,
      "price_per_unit": 18.75,
      "price_unit": "kg",
      "discount_tag": "4 voor 8,00",
      "promo_title": "Kies & Mix gourmet mini's",
      "validity": null,
      "image_url": "https://www.jumbo.com/dam-images/fit-in/360x360/Products/08718452934515T11181497860786d61c-cfda-4402-8734-c001abd76a03-1763978256251.png",
      "source_url": "https://www.jumbo.com/aanbiedingen/kies-mix-gourmet-minis/3012537"
    },
    {
      "id": "457142TRA",
      "name": "Jumbo Mini Shoarma 175 g",
      "brand": "Jumbo",
      "category": "Vlees, vis en vega",
      "unit_size": "175 g",
      "offer_price": 2.29,
      "normal_price": 2.29,
      "price_per_unit": 13.09,
      "price_unit": "kg",
      "discount_tag": "4 voor 8,00",
      "promo_title": "Kies & Mix gourmet mini's",
      "validity": null,
      "image_url": "https://www.jumbo.com/dam-images/fit-in/360x360/Products/09122025_1765294447244_1765294455375_8718452607648_1.png",
      "source_url": "https://www.jumbo.com/aanbiedingen/kies-mix-gourmet-minis/3012537"
    },
    {
      "id": "699760TRA",
      "name": "Jumbo Mini Zalm Blokjes 120 g",
      "brand": "Jumbo",
      "category": "Vlees, vis en vega",
      "unit_size": "120 g",
      "offer_price": 3.0,
      "normal_price": 3.0,
      "price_per_unit": 25.0,
      "price_unit": "kg",
      "discount_tag": "4 voor 8,00",
      "promo_title": "Kies & Mix gourmet mini's",
      "validity": null,
      "image_url": "https://www.jumbo.com/dam-images/fit-in/360x360/Products/14102025_1760452635368_1760452642932_8718452931965_1.png",
      "source_url": "https://www.jumbo.com/aanbiedingen/kies-mix-gourmet-minis/3012537"
    },
    {
      "id": "697225TRA",
      "name": "Jumbo Gourmet Mini Kiplapjes 120 g",
      "brand": "Jumbo",
      "category": "Vlees, vis en vega",
      "unit_size": "120 g",
      "offer_price": 3.0,
      "normal_price": 3.0,
      "price_per_unit": 25.0,
      "price_unit": "kg",
      "discount_tag": "4 voor 8,00",
      "promo_title": "Kies & Mix gourmet mini's",
      "validity": null,
      "image_url": "https://www.jumbo.com/dam-images/fit-in/360x360/Products/05122025_1764930786967_1764930791632_8718452931682_1.png",
      "source_url": "https://www.jumbo.com/aanbiedingen/kies-mix-gourmet-minis/3012537"
    },
    {
      "id": "457668TRA",
      "name": "Jumbo Mini Beef Chipolata 120 g",
      "brand": "Jumbo",
      "category": "Vlees, vis en vega",
      "unit_size": "120 g",
      "offer_price": 2.79,
      "normal_price": 2.79,
      "price_per_unit": 23.25,
      "price_unit": "kg",
      "discount_tag": "4 voor 8,00",
      "promo_title": "Kies & Mix gourmet mini's",
      "validity": null,
      "image_url": "https://www.jumbo.com/dam-images/fit-in/360x360/Products/04072025_1751618005390_1751618010265_8718452755288_1.png",
      "source_url": "https://www.jumbo.com/aanbiedingen/kies-mix-gourmet-minis/3012537"
    },
    {
      "id": "726374TRA",
      "name": "Jumbo Mini Beef Chipolata 120 g",
      "brand": "Jumbo",
      "category": "Vlees, vis en vega",
      "unit_size": "120 g",
      "offer_price": 2.79,
      "normal_price": 2.79,
      "price_per_unit": 23.25,
      "price_unit": "kg",
      "discount_tag": "4 voor 8,00",
      "promo_title": "Kies & Mix gourmet mini's",
      "validity": null,
      "image_url": "https://www.jumbo.com/dam-images/fit-in/360x360/Products/11112025_1762857187920_1762857192332_8718452755288_1.png",
      "source_url": "https://www.jumbo.com/aanbiedingen/kies-mix-gourmet-minis/3012537"
    },
    {
      "id": "634981TRA",
      "name": "Jumbo Mini Hamburger 180g",
      "brand": "Jumbo",
      "category": "Vlees, vis en vega",
      "unit_size": null,
      "offer_price": 2.29,
      "normal_price": 2.29,
      "price_per_unit": 12.72,
      "price_unit": "kg",
      "discount_tag": "4 voor 8,00",
      "promo_title": "Kies & Mix gourmet mini's",
      "validity": null,
      "image_url": "https://www.jumbo.com/dam-images/fit-in/360x360/Products/8718452852512T13ebb17d8-b1a8-4bb1-a543-fa366e4c4442-1733132854056.png",
      "source_url": "https://www.jumbo.com/aanbiedingen/kies-mix-gourmet-minis/3012537"
    },
    {
      "id": "201426TRA",
      "name": "Jumbo Mini Slavinken 150 g",
      "brand": "Jumbo",
      "category": "Vlees, vis en vega",
      "unit_size": "150 g",
      "offer_price": 2.5,
      "normal_price": 2.5,
      "price_per_unit": 16.67,
      "price_unit": "kg",
      "discount_tag": "4 voor 8,00",
      "promo_title": "Kies & Mix gourmet mini's",
      "validity": null,
      "image_url": "https://www.jumbo.com/dam-images/fit-in/360x360/Products/12122024_1734014980221_1734014983698_8718452755349_1.png",
      "source_url": "https://www.jumbo.com/aanbiedingen/kies-mix-gourmet-minis/3012537"
    },
    {
      "id": "707042BAK",
      "name": "Jumbo Gourmet Vega Mini Kerstster 150 g",
      "brand": "Jumbo",
      "category": "Vlees, vis en vega",
      "unit_size": "150 g",
      "offer_price": 2.25,
      "normal_price": 2.25,
      "price_per_unit": 15.0,
      "price_unit": "kg",
      "discount_tag": "4 voor 8,00",
      "promo_title": "Kies & Mix gourmet mini's",
      "validity": null,
      "image_url": "https://www.jumbo.com/dam-images/fit-in/360x360/Products/08718452934508T11181498582b3621a3-c513-4eee-a637-0933374ceb67-1763978256205.png",
      "source_url": "https://www.jumbo.com/aanbiedingen/kies-mix-gourmet-minis/3012537"
    },
    {
      "id": "687361TRA",
      "name": "Jumbo Plantaardig Gourmetschotel 180 g ",
      "brand": "Jumbo",
      "category": "Vlees, vis en vega",
      "unit_size": "180 g",
      "offer_price": 2.5,
      "normal_price": 2.5,
      "price_per_unit": 13.89,
      "price_unit": "kg",
      "discount_tag": "4 voor 8,00",
      "promo_title": "Kies & Mix gourmet mini's",
      "validity": null,
      "image_url": "https://www.jumbo.com/dam-images/fit-in/360x360/Products/26112025_1764149579377_1764149586136_8718452980710_1.png",
      "source_url": "https://www.jumbo.com/aanbiedingen/kies-mix-gourmet-minis/3012537"
    },
    {
      "id": "635016TRA",
      "name": "Jumbo Mini Speklapjes Gekruid 120g",
      "brand": "Jumbo",
      "category": "Vlees, vis en vega",
      "unit_size": null,
      "offer_price": 2.79,
      "normal_price": 2.79,
      "price_per_unit": 23.25,
      "price_unit": "kg",
      "discount_tag": "4 voor 8,00",
      "promo_title": "Kies & Mix gourmet mini's",
      "validity": null,
      "image_url": "https://www.jumbo.com/dam-images/fit-in/360x360/Products/8718452852550T10aa8ead8-866b-44a2-9f61-a1eeabb85704-1733133054966.png",
      "source_url": "https://www.jumbo.com/aanbiedingen/kies-mix-gourmet-minis/3012537"
    },
    {
      "id": "714784TRA",
      "name": "Jumbo Gourmet Aardappeltjes met Spekjes en Ui 350 g",
      "brand": "Jumbo",
      "category": "Aardappelen, groente en fruit",
      "unit_size": "350 g",
      "offer_price": 2.49,
      "normal_price": 2.49,
      "price_per_unit": 7.11,
      "price_unit": "kg",
      "discount_tag": "4 voor 8,00",
      "promo_title": "Kies & Mix gourmet mini's",
      "validity": null,
      "image_url": "https://www.jumbo.com/dam-images/fit-in/360x360/Products/04092025_1756996410754_1756996416314_8718452928194_1.png",
      "source_url": "https://www.jumbo.com/aanbiedingen/kies-mix-gourmet-minis/3012537"
    },
    {
      "id": "706962TRA",
      "name": "Jumbo Mini Kip Kaassoufflé 190g",
      "brand": "Jumbo",
      "category": "Vlees, vis en vega",
      "unit_size": null,
      "offer_price": 2.5,
      "normal_price": 2.5,
      "price_per_unit": 13.16,
      "price_unit": "kg",
      "discount_tag": "4 voor 8,00",
      "promo_title": "Kies & Mix gourmet mini's",
      "validity": null,
      "image_url": "",
      "source_url": "https://www.jumbo.com/aanbiedingen/kies-mix-gourmet-minis/3012537"
    },
    {
      "id": "680087TRA",
      "name": "Jumbo Gourmet Mini Zigeunerschnitzel 150 g",
      "brand": "Jumbo",
      "category": "Vlees, vis en vega",
      "unit_size": "150 g",
      "offer_price": 2.29,
      "normal_price": 2.29,
      "price_per_unit": 15.27,
      "price_unit": "kg",
      "discount_tag": "4 voor 8,00",
      "promo_title": "Kies & Mix gourmet mini's",
      "validity": null,
      "image_url": "https://www.jumbo.com/dam-images/fit-in/360x360/Products/23052025_1748025148805_1748025153738_8718452899180_1.png",
      "source_url": "https://www.jumbo.com/aanbiedingen/kies-mix-gourmet-minis/3012537"
    },
    {
      "id": "719228TRA",
      "name": "Jumbo Mini Panga Blokjes 120 g",
      "brand": "Jumbo",
      "category": "Vlees, vis en vega",
      "unit_size": "120 g",
      "offer_price": 2.5,
      "normal_price": 2.5,
      "price_per_unit": 20.83,
      "price_unit": "kg",
      "discount_tag": "4 voor 8,00",
      "promo_title": "Kies & Mix gourmet mini's",
      "validity": null,
      "image_url": "https://www.jumbo.com/dam-images/fit-in/360x360/Products/14102025_1760452635927_1760452641993_8718452931972_1.png",
      "source_url": "https://www.jumbo.com/aanbiedingen/kies-mix-gourmet-minis/3012537"
    },
    {
      "id": "213686TRA",
      "name": "Jumbo Mini Varkensmedaillon 150 g",
      "brand": "Jumbo",
      "category": "Vlees, vis en vega",
      "unit_size": "150 g",
      "offer_price": 2.29,
      "normal_price": 2.29,
      "price_per_unit": 19.08,
      "price_unit": "kg",
      "discount_tag": "4 voor 8,00",
      "promo_title": "Kies & Mix gourmet mini's",
      "validity": null,
      "image_url": "https://www.jumbo.com/dam-images/fit-in/360x360/Products/21032025_1742553165815_1742553173432_8718452338597_1.png",
      "source_url": "https://www.jumbo.com/aanbiedingen/kies-mix-gourmet-minis/3012537"
    },
    {
      "id": "308443BAK",
      "name": "Groenland Kip Mini Kipshoarma ca. 219g",
      "brand": "Jumbo",
      "category": "Vlees, vis en vega",
      "unit_size": null,
      "offer_price": 2.29,
      "normal_price": 2.29,
      "price_per_unit": 15.27,
      "price_unit": "kg",
      "discount_tag": "4 voor 8,00",
      "promo_title": "Kies & Mix gourmet mini's",
      "validity": null,
      "image_url": "https://www.jumbo.com/dam-images/fit-in/360x360/Products/01102025_1759347188073_1759347194039_8718452402014_1.png",
      "source_url": "https://www.jumbo.com/aanbiedingen/kies-mix-gourmet-minis/3012537"
    },
    {
      "id": "680830TRA",
      "name": "Jumbo Gourmet Mini Grillburger 150 g",
      "brand": "Jumbo",
      "category": "Vlees, vis en vega",
      "unit_size": "150 g",
      "offer_price": 2.5,
      "normal_price": 2.5,
      "price_per_unit": 16.67,
      "price_unit": "kg",
      "discount_tag": "4 voor 8,00",
      "promo_title": "Kies & Mix gourmet mini's",
      "validity": null,
      "image_url": "https://www.jumbo.com/dam-images/fit-in/360x360/Products/23052025_1748025148960_1748025154674_8718452899166_1.png",
      "source_url": "https://www.jumbo.com/aanbiedingen/kies-mix-gourmet-minis/3012537"
    },
    {
      "id": "707041BAK",
      "name": "Jumbo Mini Vega Kaasburger 120 g",
      "brand": "Jumbo",
      "category": "Vlees, vis en vega",
      "unit_size": null,
      "offer_price": 2.5,
      "normal_price": 2.5,
      "price_per_unit": 20.83,
      "price_unit": "kg",
      "discount_tag": "4 voor 8,00",
      "promo_title": "Kies & Mix gourmet mini's",
      "validity": null,
      "image_url": "",
      "source_url": "https://www.jumbo.com/aanbiedingen/kies-mix-gourmet-minis/3012537"
    },
    {
      "id": "508356TRA",
      "name": "Jumbo Mini Gemarineerde Slavink 160 g",
      "brand": "Jumbo",
      "category": "Vlees, vis en vega",
      "unit_size": "160 g",
      "offer_price": 2.5,
      "normal_price": 2.5,
      "price_per_unit": 15.63,
      "price_unit": "kg",
      "discount_tag": "4 voor 8,00",
      "promo_title": "Kies & Mix gourmet mini's",
      "validity": null,
      "image_url": "https://www.jumbo.com/dam-images/fit-in/360x360/Products/27012025_1738006366739_1738006371478_8718452755271_1.png",
      "source_url": "https://www.jumbo.com/aanbiedingen/kies-mix-gourmet-minis/3012537"
    },
    {
      "id": "213636TRA",
      "name": "Jumbo Gourmet Elkaar Mini Gehakt Cordonbleu 210 g",
      "brand": "Jumbo",
      "category": "Vlees, vis en vega",
      "unit_size": "210 g",
      "offer_price": 2.29,
      "normal_price": 2.29,
      "price_per_unit": 10.9,
      "price_unit": "kg",
      "discount_tag": "4 voor 8,00",
      "promo_title": "Kies & Mix gourmet mini's",
      "validity": null,
      "image_url": "https://www.jumbo.com/dam-images/fit-in/360x360/Products/02052024_1714678447121_1714678452122_8718452755332_1.png",
      "source_url": "https://www.jumbo.com/aanbiedingen/kies-mix-gourmet-minis/3012537"
    },
    {
      "id": "707045BAK",
      "name": "Jumbo Mini Zoete Pompoen Burger 125g",
      "brand": "Jumbo",
      "category": "Vlees, vis en vega",
      "unit_size": null,
      "offer_price": 2.25,
      "normal_price": 2.25,
      "price_per_unit": 18.0,
      "price_unit": "kg",
      "discount_tag": "4 voor 8,00",
      "promo_title": "Kies & Mix gourmet mini's",
      "validity": null,
      "image_url": "",
      "source_url": "https://www.jumbo.com/aanbiedingen/kies-mix-gourmet-minis/3012537"
    },
    {
      "id": "700588TRA",
      "name": "Jumbo Gourmet Burger New York 150 g",
      "brand": "Jumbo",
      "category": "Vlees, vis en vega",
      "unit_size": "150 g",
      "offer_price": 3.0,
      "normal_price": 3.0,
      "price_per_unit": 20.0,
      "price_unit": "kg",
      "discount_tag": "4 voor 8,00",
      "promo_title": "Kies & Mix gourmet mini's",
      "validity": null,
      "image_url": "https://www.jumbo.com/dam-images/fit-in/360x360/Products/27112025_1764235989629_1764235995530_8718452937134_1.png",
      "source_url": "https://www.jumbo.com/aanbiedingen/kies-mix-gourmet-minis/3012537"
    },
    {
      "id": "308440BAK",
      "name": "Jumbo Gourmet Mini Kipsaté 120 g",
      "brand": "Jumbo",
      "category": "Vlees, vis en vega",
      "unit_size": "135 g",
      "offer_price": 3.0,
      "normal_price": 3.0,
      "price_per_unit": 25.0,
      "price_unit": "kg",
      "discount_tag": "4 voor 8,00",
      "promo_title": "Kies & Mix gourmet mini's",
      "validity": null,
      "image_url": "https://www.jumbo.com/dam-images/fit-in/360x360/Products/25112025_1764084772281_1764084778409_8718452853069_1.png",
      "source_url": "https://www.jumbo.com/aanbiedingen/kies-mix-gourmet-minis/3012537"
    },
    {
      "id": "628765TRA",
      "name": "Jumbo Mini Angusburgers 150 g",
      "brand": "Jumbo",
      "category": "Vlees, vis en vega",
      "unit_size": "150 g",
      "offer_price": 2.79,
      "normal_price": 2.79,
      "price_per_unit": 18.6,
      "price_unit": "kg",
      "discount_tag": "4 voor 8,00",
      "promo_title": "Kies & Mix gourmet mini's",
      "validity": null,
      "image_url": "https://www.jumbo.com/dam-images/fit-in/360x360/Products/14022025_1739539533027_1739539538444_8718452755387_1.png",
      "source_url": "https://www.jumbo.com/aanbiedingen/kies-mix-gourmet-minis/3012537"
    },
    {
      "id": "680088TRA",
      "name": "Jumbo Gourmet Mini Biefstuk Gemarineerd 120 g",
      "brand": "Jumbo",
      "category": "Vlees, vis en vega",
      "unit_size": "120 g",
      "offer_price": 3.29,
      "normal_price": 3.29,
      "price_per_unit": 27.42,
      "price_unit": "kg",
      "discount_tag": "4 voor 8,00",
      "promo_title": "Kies & Mix gourmet mini's",
      "validity": null,
      "image_url": "https://www.jumbo.com/dam-images/fit-in/360x360/Products/23052025_1748025148856_1748025153834_8718452899173_1.png",
      "source_url": "https://www.jumbo.com/aanbiedingen/kies-mix-gourmet-minis/3012537"
    },
    {
      "id": "680086TRA",
      "name": "Jumbo Gourmet Mini Wienerschnitzel 150 g",
      "brand": "Jumbo",
      "category": "Vlees, vis en vega",
      "unit_size": "150 g",
      "offer_price": 2.29,
      "normal_price": 2.29,
      "price_per_unit": 15.27,
      "price_unit": "kg",
      "discount_tag": "4 voor 8,00",
      "promo_title": "Kies & Mix gourmet mini's",
      "validity": null,
      "image_url": "https://www.jumbo.com/dam-images/fit-in/360x360/Products/23052025_1748025148768_1748025153876_8718452899210_1.png",
      "source_url": "https://www.jumbo.com/aanbiedingen/kies-mix-gourmet-minis/3012537"
    },
    {
      "id": "635013TRA",
      "name": "Jumbo Gourmet Mini Varkenshaas 120 g",
      "brand": "Jumbo",
      "category": "Vlees, vis en vega",
      "unit_size": "120 g",
      "offer_price": 2.79,
      "normal_price": 2.79,
      "price_per_unit": 23.25,
      "price_unit": "kg",
      "discount_tag": "4 voor 8,00",
      "promo_title": "Kies & Mix gourmet mini's",
      "validity": null,
      "image_url": "https://www.jumbo.com/dam-images/fit-in/360x360/Products/23052025_1748025148649_1748025153126_8718452852543_1.png",
      "source_url": "https://www.jumbo.com/aanbiedingen/kies-mix-gourmet-minis/3012537"
    },
    {
      "id": "213637TRA",
      "name": "Jumbo Mini Varkens Chipolata 120 g",
      "brand": "Jumbo",
      "category": "Vlees, vis en vega",
      "unit_size": "120 g",
      "offer_price": 2.29,
      "normal_price": 2.29,
      "price_per_unit": 19.08,
      "price_unit": "kg",
      "discount_tag": "4 voor 8,00",
      "promo_title": "Kies & Mix gourmet mini's",
      "validity": null,
      "image_url": "https://www.jumbo.com/dam-images/fit-in/360x360/Products/12122024_1734014980370_1734014985747_8718452755325_1.png",
      "source_url": "https://www.jumbo.com/aanbiedingen/kies-mix-gourmet-minis/3012537"
    },
    {
      "id": "646447TRA",
      "name": "Jumbo Biefstuk 100 g",
      "brand": "Jumbo",
      "category": "Vlees, vis en vega",
      "unit_size": "100 g",
      "offer_price": 3.29,
      "normal_price": 3.29,
      "price_per_unit": 32.9,
      "price_unit": "kg",
      "discount_tag": "4 voor 8,00",
      "promo_title": "Kies & Mix gourmet mini's",
      "validity": null,
      "image_url": "https://www.jumbo.com/dam-images/fit-in/360x360/Products/2348887000000T122b837ff-64d6-4526-83a9-784adfbd5f7c-1744627386087.png",
      "source_url": "https://www.jumbo.com/aanbiedingen/kies-mix-gourmet-minis/3012537"
    },
    {
      "id": "508268TRA",
      "name": "Jumbo Mini Kipburger Gepaneerd 165 g",
      "brand": "Jumbo",
      "category": "Vlees, vis en vega",
      "unit_size": "165 g",
      "offer_price": 2.5,
      "normal_price": 2.5,
      "price_per_unit": 15.15,
      "price_unit": "kg",
      "discount_tag": "4 voor 8,00",
      "promo_title": "Kies & Mix gourmet mini's",
      "validity": null,
      "image_url": "https://www.jumbo.com/dam-images/fit-in/360x360/Products/23052025_1748025148554_1748025154692_8718452673377_1.png",
      "source_url": "https://www.jumbo.com/aanbiedingen/kies-mix-gourmet-minis/3012537"
    },
    {
      "id": "697224TRA",
      "name": "Jumbo Gourmet Mini Kipburger Gemarineerd 120 g",
      "brand": "Jumbo",
      "category": "Vlees, vis en vega",
      "unit_size": "120 g",
      "offer_price": 2.79,
      "normal_price": 2.79,
      "price_per_unit": 23.25,
      "price_unit": "kg",
      "discount_tag": "4 voor 8,00",
      "promo_title": "Kies & Mix gourmet mini's",
      "validity": null,
      "image_url": "https://www.jumbo.com/dam-images/fit-in/360x360/Products/08718452931675T1118256425711aa2b3-1786-4389-926a-8c536c299c32-1764597863212.png",
      "source_url": "https://www.jumbo.com/aanbiedingen/kies-mix-gourmet-minis/3012537"
    },
    {
      "id": "707046BAK",
      "name": "Jumbo Mini Vega Hamburgers 160g",
      "brand": "Jumbo",
      "category": "Vlees, vis en vega",
      "unit_size": null,
      "offer_price": 2.5,
      "normal_price": 2.5,
      "price_per_unit": 15.63,
      "price_unit": "kg",
      "discount_tag": "4 voor 8,00",
      "promo_title": "Kies & Mix gourmet mini's",
      "validity": null,
      "image_url": "",
      "source_url": "https://www.jumbo.com/aanbiedingen/kies-mix-gourmet-minis/3012537"
    },
    {
      "id": "180994KP",
      "name": "Campina Botergoud Halfvolle roomboter 225 g",
      "brand": "Campina",
      "category": "Zuivel, eieren, boter",
      "unit_size": "225 g",
      "offer_price": 3.59,
      "normal_price": 3.59,
      "price_per_unit": 15.96,
      "price_unit": "kg",
      "discount_tag": "2 voor 5,75",
      "promo_title": "Campina Roomboter",
      "validity": "wo 10 t/m di 16 dec",
      "image_url": "https://www.jumbo.com/dam-images/fit-in/360x360/Products/22062025_1750557487715_1750557507095_180994_KP_08715300257253_H1N1.png",
      "source_url": "https://www.jumbo.com/aanbiedingen/campina-roomboter/3012316"
    },
    {
      "id": "187836PAK",
      "name": "Campina Botergoud Gezouten Roomboter 250 g",
      "brand": "Campina",
      "category": "Zuivel, eieren, boter",
      "unit_size": "250 g",
      "offer_price": 4.75,
      "normal_price": 4.75,
      "price_per_unit": 19.0,
      "price_unit": "kg",
      "discount_tag": "2 voor 5,75",
      "promo_title": "Campina Roomboter",
      "validity": "wo 10 t/m di 16 dec",
      "image_url": "https://www.jumbo.com/dam-images/fit-in/360x360/Products/25112025_1764045843435_1764045859684_187836_PAK_08712800007722_H1N1.png",
      "source_url": "https://www.jumbo.com/aanbiedingen/campina-roomboter/3012316"
    },
    {
      "id": "731587KP",
      "name": "Campina Grasboter Ongezouten Roomboter 225 g",
      "brand": "Campina",
      "category": "Zuivel, eieren, boter",
      "unit_size": "225 g",
      "offer_price": 4.65,
      "normal_price": 4.65,
      "price_per_unit": 20.67,
      "price_unit": "kg",
      "discount_tag": "2 voor 5,75",
      "promo_title": "Campina Roomboter",
      "validity": "wo 10 t/m di 16 dec",
      "image_url": "https://www.jumbo.com/dam-images/fit-in/360x360/Products/14062025_1749863423286_1749863425954_731587_KP_00000087153163_A1N1.png",
      "source_url": "https://www.jumbo.com/aanbiedingen/campina-roomboter/3012316"
    },
    {
      "id": "673692PAK",
      "name": "Campina Botergoud Ongezouten Grasboter 250 g",
      "brand": "Campina",
      "category": "Zuivel, eieren, boter",
      "unit_size": "250 g",
      "offer_price": 4.69,
      "normal_price": 4.69,
      "price_per_unit": 18.76,
      "price_unit": "kg",
      "discount_tag": "2 voor 5,75",
      "promo_title": "Campina Roomboter",
      "validity": "wo 10 t/m di 16 dec",
      "image_url": "https://www.jumbo.com/dam-images/fit-in/360x360/Products/14062025_1749866634875_1749866654228_673692_PAK_08715300100719_H1N1.png",
      "source_url": "https://www.jumbo.com/aanbiedingen/campina-roomboter/3012316"
    },
    {
      "id": "13804PAK",
      "name": "Campina Grasboter Gezouten Roomboter 225 g",
      "brand": "Campina",
      "category": "Zuivel, eieren, boter",
      "unit_size": "225 g",
      "offer_price": 4.75,
      "normal_price": 4.75,
      "price_per_unit": 21.11,
      "price_unit": "kg",
      "discount_tag": "2 voor 5,75",
      "promo_title": "Campina Roomboter",
      "validity": "wo 10 t/m di 16 dec",
      "image_url": "https://www.jumbo.com/dam-images/fit-in/360x360/Products/16062025_1750059209618_1750059214230_87314540_1.png",
      "source_url": "https://www.jumbo.com/aanbiedingen/campina-roomboter/3012316"
    },
    {
      "id": "476864PAK",
      "name": "Campina Botergoud Ongezouten Roomboter 250 g",
      "brand": "Campina",
      "category": "Zuivel, eieren, boter",
      "unit_size": "250 g",
      "offer_price": 4.65,
      "normal_price": 4.65,
      "price_per_unit": 18.6,
      "price_unit": "kg",
      "discount_tag": "2 voor 5,75",
      "promo_title": "Campina Roomboter",
      "validity": "wo 10 t/m di 16 dec",
      "image_url": "https://www.jumbo.com/dam-images/fit-in/360x360/Products/14062025_1749867036564_1749867050969_476864_PAK_08712800005612_H1N1.png",
      "source_url": "https://www.jumbo.com/aanbiedingen/campina-roomboter/3012316"
    },
    {
      "id": "711256PAK",
      "name": "Milka Chocolate Milk Caramel Flavour 2,2% Fat 750 ml ",
      "brand": "Milka",
      "category": "Zuivel, eieren, boter",
      "unit_size": "750 ml",
      "offer_price": 1.86,
      "normal_price": 2.49,
      "price_per_unit": 2.48,
      "price_unit": "l",
      "discount_tag": "25% korting",
      "promo_title": "Milka Chocolademelk Houdbaar",
      "validity": "wo 3 t/m di 16 dec",
      "image_url": "https://www.jumbo.com/dam-images/fit-in/360x360/Products/30072025_1753860837874_1753860849455_5711953202841_596.png",
      "source_url": "https://www.jumbo.com/aanbiedingen/milka-chocolademelk-houdbaar/3012113"
    },
    {
      "id": "711255PAK",
      "name": "Milka Chocolate Milk 2,2% Fat 750 ml",
      "brand": "Milka",
      "category": "Zuivel, eieren, boter",
      "unit_size": "750 ml",
      "offer_price": 1.86,
      "normal_price": 2.49,
      "price_per_unit": 2.48,
      "price_unit": "l",
      "discount_tag": "25% korting",
      "promo_title": "Milka Chocolademelk Houdbaar",
      "validity": "wo 3 t/m di 16 dec",
      "image_url": "https://www.jumbo.com/dam-images/fit-in/360x360/Products/31102025_1761906756740_1761906768132_5711953202872_596.png",
      "source_url": "https://www.jumbo.com/aanbiedingen/milka-chocolademelk-houdbaar/3012113"
    },
    {
      "id": "676209TRA",
      "name": "Vivera Plantaardige Crispy Chicken Burger 2 Stuks 200 g",
      "brand": "Vivera",
      "category": "Vlees, vis en vega",
      "unit_size": "200 g",
      "offer_price": 3.79,
      "normal_price": 3.79,
      "price_per_unit": 18.95,
      "price_unit": "kg",
      "discount_tag": "2 voor 4,99",
      "promo_title": "Vivera vleesvervangers",
      "validity": "wo 10 t/m di 16 dec",
      "image_url": "https://www.jumbo.com/dam-images/fit-in/360x360/Products/19112025_1763514170914_1763514176841_8718300862090_1.png",
      "source_url": "https://www.jumbo.com/aanbiedingen/vivera-vleesvervangers/3012120"
    },
    {
      "id": "716852STK",
      "name": "Vivera Plantaardig Kruim Gehakt 200 g",
      "brand": "Vivera",
      "category": "Vlees, vis en vega",
      "unit_size": null,
      "offer_price": 3.29,
      "normal_price": 3.29,
      "price_per_unit": 16.45,
      "price_unit": "kg",
      "discount_tag": "2 voor 4,99",
      "promo_title": "Vivera vleesvervangers",
      "validity": "wo 10 t/m di 16 dec",
      "image_url": "https://www.jumbo.com/dam-images/fit-in/360x360/Products/15102025_1760490468072_1760490486470_716852_STK_08718300865770_C1N1.png",
      "source_url": "https://www.jumbo.com/aanbiedingen/vivera-vleesvervangers/3012120"
    },
    {
      "id": "675927STK",
      "name": "Vivera Plantaardige Shoarma 175 g ",
      "brand": "Vivera",
      "category": "Vlees, vis en vega",
      "unit_size": "175 g",
      "offer_price": 3.29,
      "normal_price": 3.29,
      "price_per_unit": 18.8,
      "price_unit": "kg",
      "discount_tag": "2 voor 4,99",
      "promo_title": "Vivera vleesvervangers",
      "validity": "wo 10 t/m di 16 dec",
      "image_url": "https://www.jumbo.com/dam-images/fit-in/360x360/Products/06122025_1764989489447_1764989496048_675927_STK_08718300877513_C1N1.png",
      "source_url": "https://www.jumbo.com/aanbiedingen/vivera-vleesvervangers/3012120"
    },
    {
      "id": "704865TRA",
      "name": "Vivera Plantaardige Nuggets 200 g",
      "brand": "Vivera",
      "category": "Vlees, vis en vega",
      "unit_size": null,
      "offer_price": 3.29,
      "normal_price": 3.29,
      "price_per_unit": 16.45,
      "price_unit": "kg",
      "discount_tag": "2 voor 4,99",
      "promo_title": "Vivera vleesvervangers",
      "validity": "wo 10 t/m di 16 dec",
      "image_url": "https://www.jumbo.com/dam-images/fit-in/360x360/Products/13062025_1749834582949_1749834587759_704865_TRA_08718300882166_C1N1.png",
      "source_url": "https://www.jumbo.com/aanbiedingen/vivera-vleesvervangers/3012120"
    },
    {
      "id": "716851STK",
      "name": "Vivera Plantaardige Kipstukjes 175 g",
      "brand": "Vivera",
      "category": "Vlees, vis en vega",
      "unit_size": null,
      "offer_price": 3.39,
      "normal_price": 3.39,
      "price_per_unit": 19.37,
      "price_unit": "kg",
      "discount_tag": "2 voor 4,99",
      "promo_title": "Vivera vleesvervangers",
      "validity": "wo 10 t/m di 16 dec",
      "image_url": "https://www.jumbo.com/dam-images/fit-in/360x360/Products/15102025_1760490460494_1760490479955_716851_STK_08718300865756_C1N1.png",
      "source_url": "https://www.jumbo.com/aanbiedingen/vivera-vleesvervangers/3012120"
    },
    {
      "id": "675975TRA",
      "name": "Vivera Plantaardige Kroketburger 150 g",
      "brand": "Vivera",
      "category": "Vlees, vis en vega",
      "unit_size": "150 g",
      "offer_price": 3.49,
      "normal_price": 3.49,
      "price_per_unit": 23.27,
      "price_unit": "kg",
      "discount_tag": "2 voor 4,99",
      "promo_title": "Vivera vleesvervangers",
      "validity": "wo 10 t/m di 16 dec",
      "image_url": "https://www.jumbo.com/dam-images/fit-in/360x360/Products/22112025_1763792057820_1763792063802_675975_TRA_08718300875724_C1N1.png",
      "source_url": "https://www.jumbo.com/aanbiedingen/vivera-vleesvervangers/3012120"
    },
    {
      "id": "704867TRA",
      "name": "Vivera Tofusion Japanese Style 180 g",
      "brand": "Vivera",
      "category": "Vlees, vis en vega",
      "unit_size": null,
      "offer_price": 3.29,
      "normal_price": 3.29,
      "price_per_unit": 18.28,
      "price_unit": "kg",
      "discount_tag": "2 voor 4,99",
      "promo_title": "Vivera vleesvervangers",
      "validity": "wo 10 t/m di 16 dec",
      "image_url": "https://www.jumbo.com/dam-images/fit-in/360x360/Products/13062025_1749834613638_1749834620489_704867_TRA_08718300864452_C1N1.png",
      "source_url": "https://www.jumbo.com/aanbiedingen/vivera-vleesvervangers/3012120"
    },
    {
      "id": "676204STK",
      "name": "Vivera Plantaardige Kipkrokant Schnitzel 2 Stuks 200 g",
      "brand": "Vivera",
      "category": "Vlees, vis en vega",
      "unit_size": null,
      "offer_price": 3.29,
      "normal_price": 3.29,
      "price_per_unit": 16.45,
      "price_unit": "kg",
      "discount_tag": "2 voor 4,99",
      "promo_title": "Vivera vleesvervangers",
      "validity": "wo 10 t/m di 16 dec",
      "image_url": "https://www.jumbo.com/dam-images/fit-in/360x360/Products/14062025_1749868989319_1749868996071_676204_STK_08718300873522_C1N1.png",
      "source_url": "https://www.jumbo.com/aanbiedingen/vivera-vleesvervangers/3012120"
    },
    {
      "id": "676208TRA",
      "name": "Vivera Vegetarische Kaas Schnitzel 2 Stuks 150 g",
      "brand": "Vivera",
      "category": "Vlees, vis en vega",
      "unit_size": "150 g",
      "offer_price": 3.19,
      "normal_price": 3.19,
      "price_per_unit": 21.27,
      "price_unit": "kg",
      "discount_tag": "2 voor 4,99",
      "promo_title": "Vivera vleesvervangers",
      "validity": "wo 10 t/m di 16 dec",
      "image_url": "https://www.jumbo.com/dam-images/fit-in/360x360/Products/20112025_1763608016222_1763608022107_676208_TRA_08718300878510_C1N1.png",
      "source_url": "https://www.jumbo.com/aanbiedingen/vivera-vleesvervangers/3012120"
    },
    {
      "id": "704866TRA",
      "name": "Vivera Plantaardige Balletjes 200 g",
      "brand": "Vivera",
      "category": "Vlees, vis en vega",
      "unit_size": null,
      "offer_price": 3.19,
      "normal_price": 3.19,
      "price_per_unit": 15.95,
      "price_unit": "kg",
      "discount_tag": "2 voor 4,99",
      "promo_title": "Vivera vleesvervangers",
      "validity": "wo 10 t/m di 16 dec",
      "image_url": "https://www.jumbo.com/dam-images/fit-in/360x360/Products/13062025_1749834597684_1749834604602_704866_TRA_08718300883040_C1N1.png",
      "source_url": "https://www.jumbo.com/aanbiedingen/vivera-vleesvervangers/3012120"
    },
    {
      "id": "675976TRA",
      "name": "Vivera Plantaardige Spekjes 175 g",
      "brand": "Vivera",
      "category": "Vlees, vis en vega",
      "unit_size": null,
      "offer_price": 3.89,
      "normal_price": 3.89,
      "price_per_unit": 22.23,
      "price_unit": "kg",
      "discount_tag": "2 voor 4,99",
      "promo_title": "Vivera vleesvervangers",
      "validity": "wo 10 t/m di 16 dec",
      "image_url": "https://www.jumbo.com/dam-images/fit-in/360x360/Products/30072025_1753840214625_1753840223096_675976_TRA_08718300885099_C1N1.png",
      "source_url": "https://www.jumbo.com/aanbiedingen/vivera-vleesvervangers/3012120"
    },
    {
      "id": "675818TRA",
      "name": "Vivera Plantaardige Spicy Drumsticks 4 Stuks 216 g",
      "brand": "Vivera",
      "category": "Vlees, vis en vega",
      "unit_size": null,
      "offer_price": 3.59,
      "normal_price": 3.59,
      "price_per_unit": 16.62,
      "price_unit": "kg",
      "discount_tag": "2 voor 4,99",
      "promo_title": "Vivera vleesvervangers",
      "validity": "wo 10 t/m di 16 dec",
      "image_url": "https://www.jumbo.com/dam-images/fit-in/360x360/Products/14062025_1749865210189_1749865216808_675818_TRA_08718300860690_C1N1.png",
      "source_url": "https://www.jumbo.com/aanbiedingen/vivera-vleesvervangers/3012120"
    },
    {
      "id": "675974TRA",
      "name": "Vivera Vega Spinazie Kaas filet 2 x 100 g",
      "brand": "Vivera",
      "category": "Vlees, vis en vega",
      "unit_size": "200 g",
      "offer_price": 3.75,
      "normal_price": 3.75,
      "price_per_unit": 18.75,
      "price_unit": "kg",
      "discount_tag": "2 voor 4,99",
      "promo_title": "Vivera vleesvervangers",
      "validity": "wo 10 t/m di 16 dec",
      "image_url": "https://www.jumbo.com/dam-images/fit-in/360x360/Products/20112025_1763611280433_1763611287666_675974_TRA_08718300871450_C1N1.png",
      "source_url": "https://www.jumbo.com/aanbiedingen/vivera-vleesvervangers/3012120"
    },
    {
      "id": "704864TRA",
      "name": "Vivera Tofusion Korean Style 180 g",
      "brand": "Vivera",
      "category": "Vlees, vis en vega",
      "unit_size": null,
      "offer_price": 3.29,
      "normal_price": 3.29,
      "price_per_unit": 18.28,
      "price_unit": "kg",
      "discount_tag": "2 voor 4,99",
      "promo_title": "Vivera vleesvervangers",
      "validity": "wo 10 t/m di 16 dec",
      "image_url": "https://www.jumbo.com/dam-images/fit-in/360x360/Products/12072025_1752286157226_1752286163748_704864_TRA_08718300864445_C1N1.png",
      "source_url": "https://www.jumbo.com/aanbiedingen/vivera-vleesvervangers/3012120"
    },
    {
      "id": "704868TRA",
      "name": "Vivera Plantaardige Gyros 175 g",
      "brand": "Vivera",
      "category": "Vlees, vis en vega",
      "unit_size": null,
      "offer_price": 3.59,
      "normal_price": 3.59,
      "price_per_unit": 20.51,
      "price_unit": "kg",
      "discount_tag": "2 voor 4,99",
      "promo_title": "Vivera vleesvervangers",
      "validity": "wo 10 t/m di 16 dec",
      "image_url": "https://www.jumbo.com/dam-images/fit-in/360x360/Products/24072025_1753323115319_1753323121305_704868_TRA_08718300877452_C1N1.png",
      "source_url": "https://www.jumbo.com/aanbiedingen/vivera-vleesvervangers/3012120"
    },
    {
      "id": "675928STK",
      "name": "Vivera Plantaardige Zalmfilet 2 Stuks 200 g",
      "brand": "Vivera",
      "category": "Vlees, vis en vega",
      "unit_size": null,
      "offer_price": 3.79,
      "normal_price": 3.79,
      "price_per_unit": 18.95,
      "price_unit": "kg",
      "discount_tag": "2 voor 4,99",
      "promo_title": "Vivera vleesvervangers",
      "validity": "wo 10 t/m di 16 dec",
      "image_url": "https://www.jumbo.com/dam-images/fit-in/360x360/Products/14062025_1749865881426_1749865887990_675928_STK_08718300883941_C1N1.png",
      "source_url": "https://www.jumbo.com/aanbiedingen/vivera-vleesvervangers/3012120"
    },
    {
      "id": "293405STK",
      "name": "Campina Langlekker Volle Melk 1 L",
      "brand": "Campina",
      "category": "Zuivel, eieren, boter",
      "unit_size": "1 liter",
      "offer_price": 2.19,
      "normal_price": 2.19,
      "price_per_unit": 2.19,
      "price_unit": "l",
      "discount_tag": "1+2 gratis",
      "promo_title": "Campina Lang Lekker",
      "validity": "wo 10 t/m di 16 dec",
      "image_url": "https://www.jumbo.com/dam-images/fit-in/360x360/Products/08712800147770H1N151a73eac-d07d-4afe-9d19-7e961c1d030e-1761561061333.png",
      "source_url": "https://www.jumbo.com/aanbiedingen/campina-lang-lekker/3012139"
    },
    {
      "id": "293404STK",
      "name": "Campina Langlekker Karnemelk 1 L",
      "brand": "Campina",
      "category": "Zuivel, eieren, boter",
      "unit_size": "1 liter",
      "offer_price": 2.09,
      "normal_price": 2.09,
      "price_per_unit": 2.09,
      "price_unit": "l",
      "discount_tag": "1+2 gratis",
      "promo_title": "Campina Lang Lekker",
      "validity": "wo 10 t/m di 16 dec",
      "image_url": "https://www.jumbo.com/dam-images/fit-in/360x360/Products/18112024_1731940416640_1731940420248_8712800147329_1.png",
      "source_url": "https://www.jumbo.com/aanbiedingen/campina-lang-lekker/3012139"
    },
    {
      "id": "293407STK",
      "name": "Campina Langlekker Halfvolle Melk 1 L",
      "brand": "Campina",
      "category": "Zuivel, eieren, boter",
      "unit_size": "1 liter",
      "offer_price": 1.99,
      "normal_price": 1.99,
      "price_per_unit": 1.99,
      "price_unit": "l",
      "discount_tag": "1+2 gratis",
      "promo_title": "Campina Lang Lekker",
      "validity": "wo 10 t/m di 16 dec",
      "image_url": "https://www.jumbo.com/dam-images/fit-in/360x360/Products/06122025_1764991185232_1764991189711_293407_STK_08712800147008_H1N1.png",
      "source_url": "https://www.jumbo.com/aanbiedingen/campina-lang-lekker/3012139"
    },
    {
      "id": "293403STK",
      "name": "Campina Langlekker Magere Melk 0% Vet 1 L",
      "brand": "Campina",
      "category": "Zuivel, eieren, boter",
      "unit_size": "1 liter",
      "offer_price": 1.99,
      "normal_price": 1.99,
      "price_per_unit": 1.99,
      "price_unit": "l",
      "discount_tag": "1+2 gratis",
      "promo_title": "Campina Lang Lekker",
      "validity": "wo 10 t/m di 16 dec",
      "image_url": "https://www.jumbo.com/dam-images/fit-in/360x360/Products/08712800148319H1N160bd8120-5f42-41e5-8990-6fdc1045a3cc-1761561346502.png",
      "source_url": "https://www.jumbo.com/aanbiedingen/campina-lang-lekker/3012139"
    },
    {
      "id": "293408STK",
      "name": "Campina Langlekker Halfvolle Melk Calcium Plus 1 L",
      "brand": "Campina",
      "category": "Zuivel, eieren, boter",
      "unit_size": null,
      "offer_price": 2.19,
      "normal_price": 2.19,
      "price_per_unit": 2.19,
      "price_unit": "l",
      "discount_tag": "1+2 gratis",
      "promo_title": "Campina Lang Lekker",
      "validity": "wo 10 t/m di 16 dec",
      "image_url": "https://www.jumbo.com/dam-images/fit-in/360x360/Products/25112025_1764055084875_1764055090584_293408_STK_08712800147800_H1N1.png",
      "source_url": "https://www.jumbo.com/aanbiedingen/campina-lang-lekker/3012139"
    },
    {
      "id": "655555STK",
      "name": "Jumbo Carpaccio met Italiaanse Kaas & Dressing 120 g",
      "brand": "Jumbo",
      "category": "Vleeswaren, kaas en tapas",
      "unit_size": "120 g",
      "offer_price": 3.79,
      "normal_price": 3.79,
      "price_per_unit": 31.58,
      "price_unit": "kg",
      "discount_tag": "2 voor 6,50",
      "promo_title": "Carpaccio",
      "validity": "wo 3 t/m wo 31 dec",
      "image_url": "https://www.jumbo.com/dam-images/fit-in/360x360/Products/04122025_1764844386861_1764844394008_8718452682935_1.png",
      "source_url": "https://www.jumbo.com/aanbiedingen/carpaccio/3012043"
    },
    {
      "id": "525042STK",
      "name": "Jumbo Carpaccio Truffel",
      "brand": "Jumbo",
      "category": "Vleeswaren, kaas en tapas",
      "unit_size": "143 g",
      "offer_price": 4.15,
      "normal_price": 4.15,
      "price_per_unit": 29.02,
      "price_unit": "kg",
      "discount_tag": "2 voor 6,50",
      "promo_title": "Carpaccio",
      "validity": "wo 3 t/m wo 31 dec",
      "image_url": "https://www.jumbo.com/dam-images/fit-in/360x360/Products/8718452686865Carpacciotruffel81613502-6122-4115-9195-22d9e91ff6c9-1764662079160.png",
      "source_url": "https://www.jumbo.com/aanbiedingen/carpaccio/3012043"
    },
    {
      "id": "363673STK",
      "name": "Jumbo Carpaccio Black Angus Truffel",
      "brand": "Jumbo",
      "category": "Vleeswaren, kaas en tapas",
      "unit_size": "143 g",
      "offer_price": 3.99,
      "normal_price": 3.99,
      "price_per_unit": 27.9,
      "price_unit": "kg",
      "discount_tag": "2 voor 6,50",
      "promo_title": "Carpaccio",
      "validity": "wo 3 t/m wo 31 dec",
      "image_url": "https://www.jumbo.com/dam-images/fit-in/360x360/Products/8718452605743T1586e3e08-dee3-41cb-889f-f9d00a5cf524-1764662080049.png",
      "source_url": "https://www.jumbo.com/aanbiedingen/carpaccio/3012043"
    },
    {
      "id": "630278STK",
      "name": "Jumbo Carpaccio Rode Wijn",
      "brand": "Jumbo",
      "category": "Vleeswaren, kaas en tapas",
      "unit_size": "133 g",
      "offer_price": 4.15,
      "normal_price": 4.15,
      "price_per_unit": 31.2,
      "price_unit": "kg",
      "discount_tag": "2 voor 6,50",
      "promo_title": "Carpaccio",
      "validity": "wo 3 t/m wo 31 dec",
      "image_url": "https://www.jumbo.com/dam-images/fit-in/360x360/Products/8718452843091T1Rundercarpacciorodewijna9f2a757-6b21-4228-9b7b-eae704f48971-1764662078556.png",
      "source_url": "https://www.jumbo.com/aanbiedingen/carpaccio/3012043"
    },
    {
      "id": "655554STK",
      "name": "Jumbo Runder Carpaccio",
      "brand": "Jumbo",
      "category": "Vleeswaren, kaas en tapas",
      "unit_size": "123 g",
      "offer_price": 4.15,
      "normal_price": 4.15,
      "price_per_unit": 34.58,
      "price_unit": "kg",
      "discount_tag": "2 voor 6,50",
      "promo_title": "Carpaccio",
      "validity": "wo 3 t/m wo 31 dec",
      "image_url": "https://www.jumbo.com/dam-images/fit-in/360x360/Products/8718452757053T1Rundcarpaccioa8351c99-858f-4032-bdf4-252a8fa5c788-1733397541375.png",
      "source_url": "https://www.jumbo.com/aanbiedingen/carpaccio/3012043"
    },
    {
      "id": "680028STK",
      "name": "Jumbo Zalm Carpaccio met Honingmosterddressing 125 g",
      "brand": "Jumbo",
      "category": "Vlees, vis en vega",
      "unit_size": "125 g",
      "offer_price": 4.15,
      "normal_price": 4.15,
      "price_per_unit": 33.2,
      "price_unit": "kg",
      "discount_tag": "2 voor 6,50",
      "promo_title": "Carpaccio",
      "validity": "wo 3 t/m wo 31 dec",
      "image_url": "https://www.jumbo.com/dam-images/fit-in/360x360/Products/10112025_1762781644382_1762781649888_8718452786794_1.png",
      "source_url": "https://www.jumbo.com/aanbiedingen/carpaccio/3012043"
    },
    {
      "id": "577123PAK",
      "name": "Starbucks Chilled Coffee Caffè Latte ijskoffie 220ml",
      "brand": "Starbucks",
      "category": "Zuivel, eieren, boter",
      "unit_size": "220 ml",
      "offer_price": 2.19,
      "normal_price": 2.19,
      "price_per_unit": 9.95,
      "price_unit": "l",
      "discount_tag": "1+1 gratis",
      "promo_title": "Starbucks ijskoffie",
      "validity": "wo 10 t/m di 16 dec",
      "image_url": "https://www.jumbo.com/dam-images/fit-in/360x360/Products/28102025_1761647611365_1761647617179_5760466920537_1.png",
      "source_url": "https://www.jumbo.com/aanbiedingen/starbucks-ijskoffie/3013975"
    },
    {
      "id": "585048CUP",
      "name": "Starbucks White Chocolate Mocha Flavour Chilled Coffee Holiday Edition 220 ml ",
      "brand": "Starbucks",
      "category": "Zuivel, eieren, boter",
      "unit_size": "220 ml",
      "offer_price": 1.99,
      "normal_price": 1.99,
      "price_per_unit": 9.05,
      "price_unit": "l",
      "discount_tag": "1+1 gratis",
      "promo_title": "Starbucks ijskoffie",
      "validity": "wo 10 t/m di 16 dec",
      "image_url": "https://www.jumbo.com/dam-images/fit-in/360x360/Products/28102025_1761647611769_1761647617935_5711953002342_1.png",
      "source_url": "https://www.jumbo.com/aanbiedingen/starbucks-ijskoffie/3013975"
    },
    {
      "id": "577173PAK",
      "name": "Starbucks Chilled Coffee Caramel Macchiato ijskoffie 220ml",
      "brand": "Starbucks",
      "category": "Zuivel, eieren, boter",
      "unit_size": "220 ml",
      "offer_price": 1.99,
      "normal_price": 1.99,
      "price_per_unit": 9.05,
      "price_unit": "l",
      "discount_tag": "1+1 gratis",
      "promo_title": "Starbucks ijskoffie",
      "validity": "wo 10 t/m di 16 dec",
      "image_url": "https://www.jumbo.com/dam-images/fit-in/360x360/Products/28102025_1761647611447_1761647617926_5760466920490_1.png",
      "source_url": "https://www.jumbo.com/aanbiedingen/starbucks-ijskoffie/3013975"
    },
    {
      "id": "577343PAK",
      "name": "Starbucks Chilled Coffee Vanilla Bean Macchiato ijskoffie 220ml",
      "brand": "Starbucks",
      "category": "Zuivel, eieren, boter",
      "unit_size": "220 ml",
      "offer_price": 1.99,
      "normal_price": 1.99,
      "price_per_unit": 9.05,
      "price_unit": "l",
      "discount_tag": "1+1 gratis",
      "promo_title": "Starbucks ijskoffie",
      "validity": "wo 10 t/m di 16 dec",
      "image_url": "https://www.jumbo.com/dam-images/fit-in/360x360/Products/28102025_1761647611504_1761647617903_5711953067723_1.png",
      "source_url": "https://www.jumbo.com/aanbiedingen/starbucks-ijskoffie/3013975"
    },
    {
      "id": "577382BKR",
      "name": "Starbucks Chilled Coffee Cappuccino ijskoffie 220ml",
      "brand": "Starbucks",
      "category": "Zuivel, eieren, boter",
      "unit_size": "220 ml",
      "offer_price": 1.99,
      "normal_price": 1.99,
      "price_per_unit": 9.05,
      "price_unit": "l",
      "discount_tag": "1+1 gratis",
      "promo_title": "Starbucks ijskoffie",
      "validity": "wo 10 t/m di 16 dec",
      "image_url": "https://www.jumbo.com/dam-images/fit-in/360x360/Products/28102025_1761647611805_1761647616495_5711953023972_1.png",
      "source_url": "https://www.jumbo.com/aanbiedingen/starbucks-ijskoffie/3013975"
    },
    {
      "id": "577344CUP",
      "name": "Starbucks Chilled Coffee Hazelnut Macchiato ijskoffie 220ml",
      "brand": "Starbucks",
      "category": "Zuivel, eieren, boter",
      "unit_size": "220 ml",
      "offer_price": 1.99,
      "normal_price": 1.99,
      "price_per_unit": 9.05,
      "price_unit": "l",
      "discount_tag": "1+1 gratis",
      "promo_title": "Starbucks ijskoffie",
      "validity": "wo 10 t/m di 16 dec",
      "image_url": "https://www.jumbo.com/dam-images/fit-in/360x360/Products/11122025_1765449169264_1765449173632_5711953051258_1.png",
      "source_url": "https://www.jumbo.com/aanbiedingen/starbucks-ijskoffie/3013975"
    },
    {
      "id": "577170BUS",
      "name": "Starbucks® Caffe Latte No Added Sugar IJskoffie 220ml",
      "brand": "Starbucks",
      "category": "Zuivel, eieren, boter",
      "unit_size": "220 ml",
      "offer_price": 1.99,
      "normal_price": 1.99,
      "price_per_unit": 9.05,
      "price_unit": "l",
      "discount_tag": "1+1 gratis",
      "promo_title": "Starbucks ijskoffie",
      "validity": "wo 10 t/m di 16 dec",
      "image_url": "https://www.jumbo.com/dam-images/fit-in/360x360/Products/28102025_1761647610158_1761647616240_5760466995856_1.png",
      "source_url": "https://www.jumbo.com/aanbiedingen/starbucks-ijskoffie/3013975"
    },
    {
      "id": "65703BAK",
      "name": "Mona Vanillesmaak Pudding met Aardbeiensaus",
      "brand": "Mona",
      "category": "Zuivel, eieren, boter",
      "unit_size": "491 g",
      "offer_price": 2.49,
      "normal_price": 2.49,
      "price_per_unit": 5.53,
      "price_unit": "l",
      "discount_tag": "2 voor 3,00",
      "promo_title": "Mona pudding",
      "validity": "wo 3 t/m wo 31 dec",
      "image_url": "https://www.jumbo.com/dam-images/fit-in/360x360/Products/03092024_1725363316979_1725363323230_8712800025597_1.png",
      "source_url": "https://www.jumbo.com/aanbiedingen/mona-pudding/3012186"
    },
    {
      "id": "892599BAK",
      "name": "Mona Dame Blanche Pudding met Chocoladesaus",
      "brand": "Mona",
      "category": "Zuivel, eieren, boter",
      "unit_size": "450 ml",
      "offer_price": 2.49,
      "normal_price": 2.49,
      "price_per_unit": 5.53,
      "price_unit": "l",
      "discount_tag": "2 voor 3,00",
      "promo_title": "Mona pudding",
      "validity": "wo 3 t/m wo 31 dec",
      "image_url": "https://www.jumbo.com/dam-images/fit-in/360x360/Products/03092024_1725370457311_1725370461882_8712800017981_1.png",
      "source_url": "https://www.jumbo.com/aanbiedingen/mona-pudding/3012186"
    },
    {
      "id": "603163BAK",
      "name": "Mona Pudding Griesmeel met Saus",
      "brand": "Mona",
      "category": "Zuivel, eieren, boter",
      "unit_size": "493 g",
      "offer_price": 2.49,
      "normal_price": 2.49,
      "price_per_unit": 5.53,
      "price_unit": "kg",
      "discount_tag": "2 voor 3,00",
      "promo_title": "Mona pudding",
      "validity": "wo 3 t/m wo 31 dec",
      "image_url": "https://www.jumbo.com/dam-images/fit-in/360x360/Products/12122024_1734014861306_1734014867849_87128246_1.png",
      "source_url": "https://www.jumbo.com/aanbiedingen/mona-pudding/3012186"
    },
    {
      "id": "304263BAK",
      "name": "Mona Chipolata Pudding met Stukjes Tropisch Fruit",
      "brand": "Mona",
      "category": "Zuivel, eieren, boter",
      "unit_size": "450 ml",
      "offer_price": 2.59,
      "normal_price": 2.59,
      "price_per_unit": 5.76,
      "price_unit": "l",
      "discount_tag": "2 voor 3,00",
      "promo_title": "Mona pudding",
      "validity": "wo 3 t/m wo 31 dec",
      "image_url": "https://www.jumbo.com/dam-images/fit-in/360x360/Products/12122024_1734014859977_1734014864341_87128529_1.png",
      "source_url": "https://www.jumbo.com/aanbiedingen/mona-pudding/3012186"
    },
    {
      "id": "121010BAK",
      "name": "Mona Toetje van de Maand ",
      "brand": "Mona",
      "category": "Zuivel, eieren, boter",
      "unit_size": "292 g",
      "offer_price": 2.59,
      "normal_price": 2.59,
      "price_per_unit": 5.76,
      "price_unit": "l",
      "discount_tag": "2 voor 3,00",
      "promo_title": "Mona pudding",
      "validity": "wo 3 t/m wo 31 dec",
      "image_url": "https://www.jumbo.com/dam-images/fit-in/360x360/Products/00000087257502H1N116d82e6e-d6fe-45ce-9ab7-bedf37fcb016-1765293934853.png",
      "source_url": "https://www.jumbo.com/aanbiedingen/mona-pudding/3012186"
    },
    {
      "id": "308005BLK",
      "name": "Mona Frambozen",
      "brand": "Mona",
      "category": "Zuivel, eieren, boter",
      "unit_size": "450 ml",
      "offer_price": 2.79,
      "normal_price": 2.79,
      "price_per_unit": 6.2,
      "price_unit": "l",
      "discount_tag": "2 voor 3,00",
      "promo_title": "Mona pudding",
      "validity": "wo 3 t/m wo 31 dec",
      "image_url": "https://www.jumbo.com/dam-images/fit-in/360x360/Products/12122024_1734014860043_1734014864030_87128253_1.png",
      "source_url": "https://www.jumbo.com/aanbiedingen/mona-pudding/3012186"
    },
    {
      "id": "700659DS",
      "name": "Quaker Cruesli Zero Sugar Added Naturel 400 g",
      "brand": "Quaker",
      "category": "Ontbijt, broodbeleg en bakproducten",
      "unit_size": "400 Gram",
      "offer_price": 2.66,
      "normal_price": 3.55,
      "price_per_unit": 6.65,
      "price_unit": "kg",
      "discount_tag": "25% korting",
      "promo_title": "Quaker Cruesli Zero Sugar Added",
      "validity": "wo 3 t/m di 16 dec",
      "image_url": "https://www.jumbo.com/dam-images/fit-in/360x360/Products/02062025_1748871166570_1748871173196_8710398532459_1.png",
      "source_url": "https://www.jumbo.com/aanbiedingen/quaker-cruesli-zero-sugar-added/3012064"
    },
    {
      "id": "700658DS",
      "name": "Quaker Cruesli Zero Sugar Added Nuts & Seeds 400 g",
      "brand": "Quaker",
      "category": "Ontbijt, broodbeleg en bakproducten",
      "unit_size": "400 Gram",
      "offer_price": 2.66,
      "normal_price": 3.55,
      "price_per_unit": 6.65,
      "price_unit": "kg",
      "discount_tag": "25% korting",
      "promo_title": "Quaker Cruesli Zero Sugar Added",
      "validity": "wo 3 t/m di 16 dec",
      "image_url": "https://www.jumbo.com/dam-images/fit-in/360x360/Products/02062025_1748867608018_1748867614713_8710398532473_1.png",
      "source_url": "https://www.jumbo.com/aanbiedingen/quaker-cruesli-zero-sugar-added/3012064"
    },
    {
      "id": "527014PAK",
      "name": "Campina Magere Yoghurt 1 L",
      "brand": "Campina",
      "category": "Zuivel, eieren, boter",
      "unit_size": "1 liter",
      "offer_price": 1.69,
      "normal_price": 1.69,
      "price_per_unit": 1.69,
      "price_unit": "l",
      "discount_tag": "2 voor 3,00",
      "promo_title": "Campina kwark of yoghurt",
      "validity": "wo 3 t/m wo 31 dec",
      "image_url": "https://www.jumbo.com/dam-images/fit-in/360x360/Products/25102025_1761356573497_1761356586889_527014_PAK_08712800001218_H1N1.png",
      "source_url": "https://www.jumbo.com/aanbiedingen/campina-kwark-of-yoghurt/3012080"
    },
    {
      "id": "678560CUP",
      "name": "Campina Magere Milde Kwark met 'n Vleugje Vanille & Granola 225 g",
      "brand": "Campina",
      "category": "Zuivel, eieren, boter",
      "unit_size": "225 g",
      "offer_price": 1.69,
      "normal_price": 1.69,
      "price_per_unit": 7.51,
      "price_unit": "kg",
      "discount_tag": "2 voor 3,00",
      "promo_title": "Campina kwark of yoghurt",
      "validity": "wo 3 t/m wo 31 dec",
      "image_url": "https://www.jumbo.com/dam-images/fit-in/360x360/Products/21032025_1742535419881_1742535442959_678560_CUP_08712800037439_H1N1.png",
      "source_url": "https://www.jumbo.com/aanbiedingen/campina-kwark-of-yoghurt/3012080"
    },
    {
      "id": "347423CUP",
      "name": "Campina Magere Milde Kwark met 'n Vleugje Aardbei 500 g",
      "brand": "Campina",
      "category": "Zuivel, eieren, boter",
      "unit_size": "500 g",
      "offer_price": 2.09,
      "normal_price": 2.09,
      "price_per_unit": 4.18,
      "price_unit": "kg",
      "discount_tag": "2 voor 3,00",
      "promo_title": "Campina kwark of yoghurt",
      "validity": "wo 3 t/m wo 31 dec",
      "image_url": "https://www.jumbo.com/dam-images/fit-in/360x360/Products/12092024_1726137207654_1726137214187_8712800100690_1.png",
      "source_url": "https://www.jumbo.com/aanbiedingen/campina-kwark-of-yoghurt/3012080"
    },
    {
      "id": "183639STK",
      "name": "Campina Volle Milde Kwark Naturel 500 g",
      "brand": "Campina",
      "category": "Zuivel, eieren, boter",
      "unit_size": "500 g",
      "offer_price": 2.29,
      "normal_price": 2.29,
      "price_per_unit": 4.58,
      "price_unit": "kg",
      "discount_tag": "2 voor 3,00",
      "promo_title": "Campina kwark of yoghurt",
      "validity": "wo 3 t/m wo 31 dec",
      "image_url": "https://www.jumbo.com/dam-images/fit-in/360x360/Products/12092024_1726137208130_1726137214680_8712800147923_1.png",
      "source_url": "https://www.jumbo.com/aanbiedingen/campina-kwark-of-yoghurt/3012080"
    },
    {
      "id": "678561CUP",
      "name": "Campina Magere Milde Kwark 'n met Vleugje Aardbei & Granola 225 g",
      "brand": "Campina",
      "category": "Zuivel, eieren, boter",
      "unit_size": "225 g",
      "offer_price": 1.69,
      "normal_price": 1.69,
      "price_per_unit": 7.51,
      "price_unit": "kg",
      "discount_tag": "2 voor 3,00",
      "promo_title": "Campina kwark of yoghurt",
      "validity": "wo 3 t/m wo 31 dec",
      "image_url": "https://www.jumbo.com/dam-images/fit-in/360x360/Products/21032025_1742535413011_1742535437904_678561_CUP_08712800037422_H1N1.png",
      "source_url": "https://www.jumbo.com/aanbiedingen/campina-kwark-of-yoghurt/3012080"
    },
    {
      "id": "527080PAK",
      "name": "Campina Halfvolle Yoghurt Vanillesmaak 1 L",
      "brand": "Campina",
      "category": "Zuivel, eieren, boter",
      "unit_size": "1 liter",
      "offer_price": 1.99,
      "normal_price": 1.99,
      "price_per_unit": 1.99,
      "price_unit": "l",
      "discount_tag": "2 voor 3,00",
      "promo_title": "Campina kwark of yoghurt",
      "validity": "wo 3 t/m wo 31 dec",
      "image_url": "https://www.jumbo.com/dam-images/fit-in/360x360/Products/25102025_1761355398903_1761355412210_527080_PAK_08712800001560_H1N1.png",
      "source_url": "https://www.jumbo.com/aanbiedingen/campina-kwark-of-yoghurt/3012080"
    },
    {
      "id": "31677PAK",
      "name": "Campina Milde Halfvolle Yoghurt 1 L",
      "brand": "Campina",
      "category": "Zuivel, eieren, boter",
      "unit_size": "1 liter",
      "offer_price": 1.89,
      "normal_price": 1.89,
      "price_per_unit": 1.89,
      "price_unit": "l",
      "discount_tag": "2 voor 3,00",
      "promo_title": "Campina kwark of yoghurt",
      "validity": "wo 3 t/m wo 31 dec",
      "image_url": "https://www.jumbo.com/dam-images/fit-in/360x360/Products/27102025_1761557573842_1761557577495_8712800006350_1.png",
      "source_url": "https://www.jumbo.com/aanbiedingen/campina-kwark-of-yoghurt/3012080"
    },
    {
      "id": "526937PAK",
      "name": "Campina Volle Yoghurt 1 L",
      "brand": "Campina",
      "category": "Zuivel, eieren, boter",
      "unit_size": "1 liter",
      "offer_price": 1.95,
      "normal_price": 1.95,
      "price_per_unit": 1.95,
      "price_unit": "l",
      "discount_tag": "2 voor 3,00",
      "promo_title": "Campina kwark of yoghurt",
      "validity": "wo 3 t/m wo 31 dec",
      "image_url": "https://www.jumbo.com/dam-images/fit-in/360x360/Products/25102025_1761356969848_1761356983335_526937_PAK_08712800001201_H1N1.png",
      "source_url": "https://www.jumbo.com/aanbiedingen/campina-kwark-of-yoghurt/3012080"
    },
    {
      "id": "168787CUP",
      "name": "Campina Magere Milde Kwark met 'n Vleugje Vanille 500 g",
      "brand": "Campina",
      "category": "Zuivel, eieren, boter",
      "unit_size": "500 g",
      "offer_price": 2.09,
      "normal_price": 2.09,
      "price_per_unit": 4.18,
      "price_unit": "kg",
      "discount_tag": "2 voor 3,00",
      "promo_title": "Campina kwark of yoghurt",
      "validity": "wo 3 t/m wo 31 dec",
      "image_url": "https://www.jumbo.com/dam-images/fit-in/360x360/Products/12092024_1726137207251_1726137215387_8712800144540_1.png",
      "source_url": "https://www.jumbo.com/aanbiedingen/campina-kwark-of-yoghurt/3012080"
    },
    {
      "id": "206342STK",
      "name": "Campina Magere Milde Kwark met 'n Vleugje Mango 500 g",
      "brand": "Campina",
      "category": "Zuivel, eieren, boter",
      "unit_size": "500 g",
      "offer_price": 2.19,
      "normal_price": 2.19,
      "price_per_unit": 4.38,
      "price_unit": "kg",
      "discount_tag": "2 voor 3,00",
      "promo_title": "Campina kwark of yoghurt",
      "validity": "wo 3 t/m wo 31 dec",
      "image_url": "https://www.jumbo.com/dam-images/fit-in/360x360/Products/12092024_1726137208147_1726137214698_8712800116264_1.png",
      "source_url": "https://www.jumbo.com/aanbiedingen/campina-kwark-of-yoghurt/3012080"
    },
    {
      "id": "168786CUP",
      "name": "Campina Magere Milde Kwark Naturel 500 g",
      "brand": "Campina",
      "category": "Zuivel, eieren, boter",
      "unit_size": "500 g",
      "offer_price": 1.99,
      "normal_price": 1.99,
      "price_per_unit": 3.98,
      "price_unit": "kg",
      "discount_tag": "2 voor 3,00",
      "promo_title": "Campina kwark of yoghurt",
      "validity": "wo 3 t/m wo 31 dec",
      "image_url": "https://www.jumbo.com/dam-images/fit-in/360x360/Products/12092024_1726137207337_1726137214959_8712800144526_1.png",
      "source_url": "https://www.jumbo.com/aanbiedingen/campina-kwark-of-yoghurt/3012080"
    },
    {
      "id": "499036CUP",
      "name": "Campina Magere Milde Kwark met 'n Vleugje Banaan 500 g",
      "brand": "Campina",
      "category": "Zuivel, eieren, boter",
      "unit_size": "500 g",
      "offer_price": 2.45,
      "normal_price": 2.45,
      "price_per_unit": 4.9,
      "price_unit": "kg",
      "discount_tag": "2 voor 3,00",
      "promo_title": "Campina kwark of yoghurt",
      "validity": "wo 3 t/m wo 31 dec",
      "image_url": "https://www.jumbo.com/dam-images/fit-in/360x360/Products/12092024_1726137208342_1726137215124_8712800187806_1.png",
      "source_url": "https://www.jumbo.com/aanbiedingen/campina-kwark-of-yoghurt/3012080"
    },
    {
      "id": "527059PAK",
      "name": "Campina Zacht en Luchtig Framboos Smaak 1 L",
      "brand": "Campina",
      "category": "Zuivel, eieren, boter",
      "unit_size": "1 liter",
      "offer_price": 2.59,
      "normal_price": 2.59,
      "price_per_unit": 2.59,
      "price_unit": "l",
      "discount_tag": "2 voor 3,50",
      "promo_title": "Campina vla",
      "validity": "wo 3 t/m wo 31 dec",
      "image_url": "https://www.jumbo.com/dam-images/fit-in/360x360/Products/24042025_1745483548620_1745483553328_8712800001546_1.png",
      "source_url": "https://www.jumbo.com/aanbiedingen/campina-vla/3012170"
    },
    {
      "id": "526956PAK",
      "name": "Campina Vlaflip Dubbelvla Chocolade Vanillesmaak met Chocolade-Karamelsmaaksaus 1 L",
      "brand": "Campina",
      "category": "Zuivel, eieren, boter",
      "unit_size": "1 liter",
      "offer_price": 2.69,
      "normal_price": 2.69,
      "price_per_unit": 2.69,
      "price_unit": "l",
      "discount_tag": "2 voor 3,50",
      "promo_title": "Campina vla",
      "validity": "wo 3 t/m wo 31 dec",
      "image_url": "https://www.jumbo.com/dam-images/fit-in/360x360/Products/04102024_1728006657733_1728006668309_526956_PAK_08712800007265_H1N1.png",
      "source_url": "https://www.jumbo.com/aanbiedingen/campina-vla/3012170"
    },
    {
      "id": "527060PAK",
      "name": "Campina Zacht en Luchtig Vanille Smaak 1 L",
      "brand": "Campina",
      "category": "Zuivel, eieren, boter",
      "unit_size": "1 liter",
      "offer_price": 2.59,
      "normal_price": 2.59,
      "price_per_unit": 2.59,
      "price_unit": "l",
      "discount_tag": "2 voor 3,50",
      "promo_title": "Campina vla",
      "validity": "wo 3 t/m wo 31 dec",
      "image_url": "https://www.jumbo.com/dam-images/fit-in/360x360/Products/04102024_1728008272063_1728008284861_527060_PAK_08712800001539_H1N1.png",
      "source_url": "https://www.jumbo.com/aanbiedingen/campina-vla/3012170"
    },
    {
      "id": "97050PAK",
      "name": "Campina Zacht en Luchtig Chocolade Smaak 1 L",
      "brand": "Campina",
      "category": "Zuivel, eieren, boter",
      "unit_size": "1 liter",
      "offer_price": 2.69,
      "normal_price": 2.69,
      "price_per_unit": 2.69,
      "price_unit": "l",
      "discount_tag": "2 voor 3,50",
      "promo_title": "Campina vla",
      "validity": "wo 3 t/m wo 31 dec",
      "image_url": "https://www.jumbo.com/dam-images/fit-in/360x360/Products/04102024_1728007411429_1728007422471_97050_PAK_08712800039488_H1N1.png",
      "source_url": "https://www.jumbo.com/aanbiedingen/campina-vla/3012170"
    },
    {
      "id": "188331PAK",
      "name": "Campina Vlaflip Halfvolle Yoghurt en Frambozenvla met Bosvruchtensaus 1 L",
      "brand": "Campina",
      "category": "Zuivel, eieren, boter",
      "unit_size": "1 liter",
      "offer_price": 2.79,
      "normal_price": 2.79,
      "price_per_unit": 2.79,
      "price_unit": "l",
      "discount_tag": "2 voor 3,50",
      "promo_title": "Campina vla",
      "validity": "wo 3 t/m wo 31 dec",
      "image_url": "https://www.jumbo.com/dam-images/fit-in/360x360/Products/24092024_1727188367399_1727188371101_8712800145165_1.png",
      "source_url": "https://www.jumbo.com/aanbiedingen/campina-vla/3012170"
    },
    {
      "id": "188332PAK",
      "name": "Campina Vlaflip Halfvolle Yoghurt en Vla Vanillesmaak met Rode Vruchtensaus 1 L",
      "brand": "Campina",
      "category": "Zuivel, eieren, boter",
      "unit_size": "1 liter",
      "offer_price": 2.59,
      "normal_price": 2.59,
      "price_per_unit": 2.59,
      "price_unit": "l",
      "discount_tag": "2 voor 3,50",
      "promo_title": "Campina vla",
      "validity": "wo 3 t/m wo 31 dec",
      "image_url": "https://www.jumbo.com/dam-images/fit-in/360x360/Products/25112025_1764042548452_1764042563801_188332_PAK_08712800145158_H1N1.png",
      "source_url": "https://www.jumbo.com/aanbiedingen/campina-vla/3012170"
    },
    {
      "id": "673390PAK",
      "name": "Campina Zacht en Luchtig Chocolade Hazelnootsmaak  Limited Edition 1 L",
      "brand": "Campina",
      "category": "Zuivel, eieren, boter",
      "unit_size": "1 liter",
      "offer_price": 2.59,
      "normal_price": 2.59,
      "price_per_unit": 2.59,
      "price_unit": "l",
      "discount_tag": "2 voor 3,50",
      "promo_title": "Campina vla",
      "validity": "wo 3 t/m wo 31 dec",
      "image_url": "https://www.jumbo.com/dam-images/fit-in/360x360/Products/11092025_1757554738025_1757554750576_673390_PAK_08712800001386_H1N1.png",
      "source_url": "https://www.jumbo.com/aanbiedingen/campina-vla/3012170"
    },
    {
      "id": "527058PAK",
      "name": "Campina Zacht en Luchtig Banaan Smaak 1 L",
      "brand": "Campina",
      "category": "Zuivel, eieren, boter",
      "unit_size": "1 liter",
      "offer_price": 2.59,
      "normal_price": 2.59,
      "price_per_unit": 2.59,
      "price_unit": "l",
      "discount_tag": "2 voor 3,50",
      "promo_title": "Campina vla",
      "validity": "wo 3 t/m wo 31 dec",
      "image_url": "https://www.jumbo.com/dam-images/fit-in/360x360/Products/08102024_1728352715694_1728352728572_527058_PAK_08712800007654_H1N1.png",
      "source_url": "https://www.jumbo.com/aanbiedingen/campina-vla/3012170"
    },
    {
      "id": "481085BKR",
      "name": "Almhof Roomyoghurt Walnoot Griekse Honing 500 g",
      "brand": "Almhof",
      "category": "Zuivel, eieren, boter",
      "unit_size": "500 g",
      "offer_price": 2.59,
      "normal_price": 2.59,
      "price_per_unit": 5.18,
      "price_unit": "kg",
      "discount_tag": "2 voor 3,00",
      "promo_title": "Almhof yoghurt",
      "validity": "wo 3 t/m wo 31 dec",
      "image_url": "https://www.jumbo.com/dam-images/fit-in/360x360/Products/19112025_1763558607151_1763558628822_481085_BKR_04025500125776_H1N1.png",
      "source_url": "https://www.jumbo.com/aanbiedingen/almhof-yoghurt/3012169"
    },
    {
      "id": "291689BKR",
      "name": "Almhof roomyoghurt mango special edition 500 g",
      "brand": "Almhof",
      "category": "Zuivel, eieren, boter",
      "unit_size": "500 g",
      "offer_price": 2.59,
      "normal_price": 2.59,
      "price_per_unit": 5.18,
      "price_unit": "kg",
      "discount_tag": "2 voor 3,00",
      "promo_title": "Almhof yoghurt",
      "validity": "wo 3 t/m wo 31 dec",
      "image_url": "https://www.jumbo.com/dam-images/fit-in/360x360/Products/10102025_1760058197262_1760058213222_291689_BKR_.png",
      "source_url": "https://www.jumbo.com/aanbiedingen/almhof-yoghurt/3012169"
    },
    {
      "id": "31741BAK",
      "name": "Almhof Halfvolle Fruityoghurt Perzik 500 g",
      "brand": "Almhof",
      "category": "Zuivel, eieren, boter",
      "unit_size": "500 g",
      "offer_price": 2.49,
      "normal_price": 2.49,
      "price_per_unit": 4.98,
      "price_unit": "kg",
      "discount_tag": "2 voor 3,00",
      "promo_title": "Almhof yoghurt",
      "validity": "wo 3 t/m wo 31 dec",
      "image_url": "https://www.jumbo.com/dam-images/fit-in/360x360/Products/11102025_1760147221171_1760147237355_31741_BAK_.png",
      "source_url": "https://www.jumbo.com/aanbiedingen/almhof-yoghurt/3012169"
    },
    {
      "id": "11255BKR",
      "name": "Almhof Roomyoghurt Stracciatella 500 g",
      "brand": "Almhof",
      "category": "Zuivel, eieren, boter",
      "unit_size": "500 g",
      "offer_price": 2.59,
      "normal_price": 2.59,
      "price_per_unit": 5.18,
      "price_unit": "kg",
      "discount_tag": "2 voor 3,00",
      "promo_title": "Almhof yoghurt",
      "validity": "wo 3 t/m wo 31 dec",
      "image_url": "https://www.jumbo.com/dam-images/fit-in/360x360/Products/19112025_1763550055203_1763550062661_11255_BKR_.png",
      "source_url": "https://www.jumbo.com/aanbiedingen/almhof-yoghurt/3012169"
    },
    {
      "id": "571377BKR",
      "name": "Almhof 0% vet yoghurt aardbei",
      "brand": "Almhof",
      "category": "Zuivel, eieren, boter",
      "unit_size": "500 g",
      "offer_price": 2.19,
      "normal_price": 2.19,
      "price_per_unit": 4.38,
      "price_unit": "kg",
      "discount_tag": "2 voor 3,00",
      "promo_title": "Almhof yoghurt",
      "validity": "wo 3 t/m wo 31 dec",
      "image_url": "https://www.jumbo.com/dam-images/fit-in/360x360/Products/10102025_1760061700961_1760061708204_571377_BKR_04025500114114_C1N1.png",
      "source_url": "https://www.jumbo.com/aanbiedingen/almhof-yoghurt/3012169"
    },
    {
      "id": "511649CUP",
      "name": "Almhof Halfvolle Fruit Yoghurt Kers 1,3% Vet 500 g",
      "brand": "Almhof",
      "category": "Zuivel, eieren, boter",
      "unit_size": "500 g",
      "offer_price": 2.19,
      "normal_price": 2.19,
      "price_per_unit": 4.38,
      "price_unit": "kg",
      "discount_tag": "2 voor 3,00",
      "promo_title": "Almhof yoghurt",
      "validity": "wo 3 t/m wo 31 dec",
      "image_url": "https://www.jumbo.com/dam-images/fit-in/360x360/Products/19112025_1763556244695_1763556251752_511649_CUP_.png",
      "source_url": "https://www.jumbo.com/aanbiedingen/almhof-yoghurt/3012169"
    },
    {
      "id": "666599BKR",
      "name": "Almhof Halfvolle Fruityoghurt Aardbei 500 g",
      "brand": "Almhof",
      "category": "Zuivel, eieren, boter",
      "unit_size": "500 g",
      "offer_price": 2.19,
      "normal_price": 2.19,
      "price_per_unit": 4.38,
      "price_unit": "kg",
      "discount_tag": "2 voor 3,00",
      "promo_title": "Almhof yoghurt",
      "validity": "wo 3 t/m wo 31 dec",
      "image_url": "https://www.jumbo.com/dam-images/fit-in/360x360/Products/19112025_1763564729270_1763564746032_666599_BKR_08710477302409_H1N1.png",
      "source_url": "https://www.jumbo.com/aanbiedingen/almhof-yoghurt/3012169"
    },
    {
      "id": "608276CUP",
      "name": "Almhof roomyoghurt framboos granaatappel special edition 500 g",
      "brand": "Almhof",
      "category": "Zuivel, eieren, boter",
      "unit_size": "500 g",
      "offer_price": 2.59,
      "normal_price": 2.59,
      "price_per_unit": 5.18,
      "price_unit": "kg",
      "discount_tag": "2 voor 3,00",
      "promo_title": "Almhof yoghurt",
      "validity": "wo 3 t/m wo 31 dec",
      "image_url": "https://www.jumbo.com/dam-images/fit-in/360x360/Products/10102025_1760062112271_1760062127431_608276_CUP_.png",
      "source_url": "https://www.jumbo.com/aanbiedingen/almhof-yoghurt/3012169"
    },
    {
      "id": "567345BKR",
      "name": "Almhof Roomyoghurt Spaanse Sinaasappel 500 g",
      "brand": "Almhof",
      "category": "Zuivel, eieren, boter",
      "unit_size": "500 g",
      "offer_price": 2.59,
      "normal_price": 2.59,
      "price_per_unit": 5.18,
      "price_unit": "kg",
      "discount_tag": "2 voor 3,00",
      "promo_title": "Almhof yoghurt",
      "validity": "wo 3 t/m wo 31 dec",
      "image_url": "https://www.jumbo.com/dam-images/fit-in/360x360/Products/10102025_1760062159720_1760062178251_567345_BKR_04025500114176_H1N1.png",
      "source_url": "https://www.jumbo.com/aanbiedingen/almhof-yoghurt/3012169"
    },
    {
      "id": "574414BKR",
      "name": "Almhof 0% Vet Yoghurt Perzik Maracuja 500 g",
      "brand": "Almhof",
      "category": "Zuivel, eieren, boter",
      "unit_size": "500 g",
      "offer_price": 1.99,
      "normal_price": 1.99,
      "price_per_unit": 3.98,
      "price_unit": "kg",
      "discount_tag": "2 voor 3,00",
      "promo_title": "Almhof yoghurt",
      "validity": "wo 3 t/m wo 31 dec",
      "image_url": "https://www.jumbo.com/dam-images/fit-in/360x360/Products/10102025_1760061933218_1760061952851_574414_BKR_04025500114152_H1N1.png",
      "source_url": "https://www.jumbo.com/aanbiedingen/almhof-yoghurt/3012169"
    },
    {
      "id": "327921BKR",
      "name": "Almhof Roomyoghurt Aardbei 500 g",
      "brand": "Almhof",
      "category": "Zuivel, eieren, boter",
      "unit_size": "500 g",
      "offer_price": 2.59,
      "normal_price": 2.59,
      "price_per_unit": 5.18,
      "price_unit": "kg",
      "discount_tag": "2 voor 3,00",
      "promo_title": "Almhof yoghurt",
      "validity": "wo 3 t/m wo 31 dec",
      "image_url": "https://www.jumbo.com/dam-images/fit-in/360x360/Products/10102025_1760058690847_1760058712008_327921_BKR_08710477300825_H1N1.png",
      "source_url": "https://www.jumbo.com/aanbiedingen/almhof-yoghurt/3012169"
    },
    {
      "id": "327956BKR",
      "name": "Almhof Roomyoghurt Perzik Maracuja 500 g",
      "brand": "Almhof",
      "category": "Zuivel, eieren, boter",
      "unit_size": "500 g",
      "offer_price": 2.59,
      "normal_price": 2.59,
      "price_per_unit": 5.18,
      "price_unit": "kg",
      "discount_tag": "2 voor 3,00",
      "promo_title": "Almhof yoghurt",
      "validity": "wo 3 t/m wo 31 dec",
      "image_url": "https://www.jumbo.com/dam-images/fit-in/360x360/Products/19112025_1763524237159_1763524259675_327956_BKR_08710477300849_H1N1.png",
      "source_url": "https://www.jumbo.com/aanbiedingen/almhof-yoghurt/3012169"
    },
    {
      "id": "417473TUB",
      "name": "Jean Bâton Mayonnaise Black Truffle 170 ml",
      "brand": "Jean Baton",
      "category": "Conserven, soepen, sauzen, oliën",
      "unit_size": "170 ml",
      "offer_price": 3.39,
      "normal_price": 3.39,
      "price_per_unit": 19.94,
      "price_unit": "l",
      "discount_tag": "2e halve prijs",
      "promo_title": "Jean Bâton of Verstegen",
      "validity": "wo 10 t/m di 16 dec",
      "image_url": "https://www.jumbo.com/dam-images/fit-in/360x360/Products/25072025_1753410887628_1753410898662_417473_TUB_08718403014679_C1N1.png",
      "source_url": "https://www.jumbo.com/aanbiedingen/jean-baton-of-verstegen/3012280"
    },
    {
      "id": "586716FLS",
      "name": "Verstegen Guilt Free Sweet Chili Sauce 285 ml",
      "brand": "Verstegen",
      "category": "Conserven, soepen, sauzen, oliën",
      "unit_size": "285 ml",
      "offer_price": 2.99,
      "normal_price": 2.99,
      "price_per_unit": 10.49,
      "price_unit": "l",
      "discount_tag": "2e halve prijs",
      "promo_title": "Jean Bâton of Verstegen",
      "validity": "wo 10 t/m di 16 dec",
      "image_url": "https://www.jumbo.com/dam-images/fit-in/360x360/Products/18072024_1721316913423_1721316917151_8712200985774_1.png",
      "source_url": "https://www.jumbo.com/aanbiedingen/jean-baton-of-verstegen/3012280"
    },
    {
      "id": "637901FLS",
      "name": "Jean Bâton Spicy Sriracha Mayonnaise 250 ml",
      "brand": "Jean Baton",
      "category": "Conserven, soepen, sauzen, oliën",
      "unit_size": "250 ml",
      "offer_price": 2.99,
      "normal_price": 2.99,
      "price_per_unit": 11.96,
      "price_unit": "l",
      "discount_tag": "2e halve prijs",
      "promo_title": "Jean Bâton of Verstegen",
      "validity": "wo 10 t/m di 16 dec",
      "image_url": "https://www.jumbo.com/dam-images/fit-in/360x360/Products/22072025_1753152289503_1753152298560_637901_FLS_08720791223595_C1N1.png",
      "source_url": "https://www.jumbo.com/aanbiedingen/jean-baton-of-verstegen/3012280"
    },
    {
      "id": "145318POT",
      "name": "Jean Bâton Black Truffle Mayonnaise 135 ml",
      "brand": "Jean Baton",
      "category": "Conserven, soepen, sauzen, oliën",
      "unit_size": "135 ml",
      "offer_price": 2.49,
      "normal_price": 2.49,
      "price_per_unit": 18.44,
      "price_unit": "kg",
      "discount_tag": "2e halve prijs",
      "promo_title": "Jean Bâton of Verstegen",
      "validity": "wo 10 t/m di 16 dec",
      "image_url": "https://www.jumbo.com/dam-images/fit-in/360x360/Products/20112025_1763613787537_1763613797340_145318_POT_08718403010534_C1N1.png",
      "source_url": "https://www.jumbo.com/aanbiedingen/jean-baton-of-verstegen/3012280"
    },
    {
      "id": "667402FLS",
      "name": "Jean Bâton Mayonnaise Spicy Truffle 250 ml",
      "brand": "Jean Baton",
      "category": "Conserven, soepen, sauzen, oliën",
      "unit_size": "250 ml",
      "offer_price": 3.99,
      "normal_price": 3.99,
      "price_per_unit": 15.96,
      "price_unit": "l",
      "discount_tag": "2e halve prijs",
      "promo_title": "Jean Bâton of Verstegen",
      "validity": "wo 10 t/m di 16 dec",
      "image_url": "https://www.jumbo.com/dam-images/fit-in/360x360/Products/22072025_1753151995109_1753152015788_667402_FLS_08720791224523_C1N1.png",
      "source_url": "https://www.jumbo.com/aanbiedingen/jean-baton-of-verstegen/3012280"
    },
    {
      "id": "207510POT",
      "name": "Jean Bâton Mayo Absolutely Vegan 385 ml",
      "brand": "Jean Baton",
      "category": "Conserven, soepen, sauzen, oliën",
      "unit_size": "385 ml",
      "offer_price": 2.99,
      "normal_price": 2.99,
      "price_per_unit": 7.77,
      "price_unit": "l",
      "discount_tag": "2e halve prijs",
      "promo_title": "Jean Bâton of Verstegen",
      "validity": "wo 10 t/m di 16 dec",
      "image_url": "https://www.jumbo.com/dam-images/fit-in/360x360/Products/25072025_1753407327388_1753407342621_207510_POT_08718403014549_C1N1.png",
      "source_url": "https://www.jumbo.com/aanbiedingen/jean-baton-of-verstegen/3012280"
    },
    {
      "id": "397028POT",
      "name": "Jean Bâton Mayonnaise Organic No Sugar 385 ml",
      "brand": "Jean Baton",
      "category": "Conserven, soepen, sauzen, oliën",
      "unit_size": "385 ml",
      "offer_price": 4.49,
      "normal_price": 4.49,
      "price_per_unit": 11.66,
      "price_unit": "l",
      "discount_tag": "2e halve prijs",
      "promo_title": "Jean Bâton of Verstegen",
      "validity": "wo 10 t/m di 16 dec",
      "image_url": "https://www.jumbo.com/dam-images/fit-in/360x360/Products/25072025_1753405242348_1753405253198_397028_POT_08718403014525_C1N1.png",
      "source_url": "https://www.jumbo.com/aanbiedingen/jean-baton-of-verstegen/3012280"
    },
    {
      "id": "719094FLS",
      "name": "Verstegen Guilt Free Crunchy Pindasaus 285 ml",
      "brand": "Verstegen",
      "category": "Conserven, soepen, sauzen, oliën",
      "unit_size": "285 ml",
      "offer_price": 3.29,
      "normal_price": 3.29,
      "price_per_unit": 11.54,
      "price_unit": "l",
      "discount_tag": "2e halve prijs",
      "promo_title": "Jean Bâton of Verstegen",
      "validity": "wo 10 t/m di 16 dec",
      "image_url": "https://www.jumbo.com/dam-images/fit-in/360x360/Products/15092025_1757937735908_1757937738451_719094_FLS_08712200140302_A1N1.png",
      "source_url": "https://www.jumbo.com/aanbiedingen/jean-baton-of-verstegen/3012280"
    },
    {
      "id": "652243FLS",
      "name": "Verstegen Guilt Free Hot Chili Sauce 285 ml",
      "brand": "Verstegen",
      "category": "Conserven, soepen, sauzen, oliën",
      "unit_size": "285 ml",
      "offer_price": 3.39,
      "normal_price": 3.39,
      "price_per_unit": 11.89,
      "price_unit": "l",
      "discount_tag": "2e halve prijs",
      "promo_title": "Jean Bâton of Verstegen",
      "validity": "wo 10 t/m di 16 dec",
      "image_url": "https://www.jumbo.com/dam-images/fit-in/360x360/Products/26102024_1729906406995_1729906409783_652243_FLS_08712200117854_C1N1.png",
      "source_url": "https://www.jumbo.com/aanbiedingen/jean-baton-of-verstegen/3012280"
    },
    {
      "id": "650016FLS",
      "name": "Verstegen Guilt Free Smokey BBQ Sauce 285 ml",
      "brand": "Verstegen",
      "category": "Conserven, soepen, sauzen, oliën",
      "unit_size": "285 ml",
      "offer_price": 3.29,
      "normal_price": 3.29,
      "price_per_unit": 11.54,
      "price_unit": "l",
      "discount_tag": "2e halve prijs",
      "promo_title": "Jean Bâton of Verstegen",
      "validity": "wo 10 t/m di 16 dec",
      "image_url": "https://www.jumbo.com/dam-images/fit-in/360x360/Products/16102024_1729074785350_1729074790049_8712200117779_1.png",
      "source_url": "https://www.jumbo.com/aanbiedingen/jean-baton-of-verstegen/3012280"
    },
    {
      "id": "430757BAK",
      "name": "Kant & Klare Satésaus Origineel 5 x 80 ml",
      "brand": "Verstegen",
      "category": "Conserven, soepen, sauzen, oliën",
      "unit_size": "5 x 80 ml",
      "offer_price": 3.29,
      "normal_price": 3.29,
      "price_per_unit": 8.23,
      "price_unit": "l",
      "discount_tag": "2e halve prijs",
      "promo_title": "Jean Bâton of Verstegen",
      "validity": "wo 10 t/m di 16 dec",
      "image_url": "https://www.jumbo.com/dam-images/fit-in/360x360/Products/25112025_1764061891885_1764061898309_430757_BAK_08712200088253_C1N1.png",
      "source_url": "https://www.jumbo.com/aanbiedingen/jean-baton-of-verstegen/3012280"
    },
    {
      "id": "652244FLS",
      "name": "Verstegen Guilt Free Chunky Tex-Mex Salsa 285 ml",
      "brand": "Verstegen",
      "category": "Conserven, soepen, sauzen, oliën",
      "unit_size": "285 ml",
      "offer_price": 3.29,
      "normal_price": 3.29,
      "price_per_unit": 11.54,
      "price_unit": "l",
      "discount_tag": "2e halve prijs",
      "promo_title": "Jean Bâton of Verstegen",
      "validity": "wo 10 t/m di 16 dec",
      "image_url": "https://www.jumbo.com/dam-images/fit-in/360x360/Products/26102024_1729906419523_1729906422275_652244_FLS_08712200118110_C1N1.png",
      "source_url": "https://www.jumbo.com/aanbiedingen/jean-baton-of-verstegen/3012280"
    },
    {
      "id": "211755DS",
      "name": "Verstegen Kant & Klare Satésaus Natriumarm 3 x 80 ml",
      "brand": "Verstegen",
      "category": "Conserven, soepen, sauzen, oliën",
      "unit_size": "3 x 80 ml",
      "offer_price": 3.59,
      "normal_price": 3.59,
      "price_per_unit": 14.96,
      "price_unit": "l",
      "discount_tag": "2e halve prijs",
      "promo_title": "Jean Bâton of Verstegen",
      "validity": "wo 10 t/m di 16 dec",
      "image_url": "https://www.jumbo.com/dam-images/fit-in/360x360/Products/25112025_1764038974515_1764038982976_211755_DS_08712200974501_C1N1.png",
      "source_url": "https://www.jumbo.com/aanbiedingen/jean-baton-of-verstegen/3012280"
    },
    {
      "id": "525759STK",
      "name": "Verstegen Kant & Klare Satésaus Hot 5 x 80 ml",
      "brand": "Verstegen",
      "category": "Conserven, soepen, sauzen, oliën",
      "unit_size": "5 x 80 ml",
      "offer_price": 3.59,
      "normal_price": 3.59,
      "price_per_unit": 8.98,
      "price_unit": "l",
      "discount_tag": "2e halve prijs",
      "promo_title": "Jean Bâton of Verstegen",
      "validity": "wo 10 t/m di 16 dec",
      "image_url": "https://www.jumbo.com/dam-images/fit-in/360x360/Products/25112025_1764038262538_1764038268789_525759_STK_08712200101822_C1N1.png",
      "source_url": "https://www.jumbo.com/aanbiedingen/jean-baton-of-verstegen/3012280"
    },
    {
      "id": "397027POT",
      "name": "Jean Bâton Mayonaise Belgisch Recept 385 ml",
      "brand": "Jean Baton",
      "category": "Conserven, soepen, sauzen, oliën",
      "unit_size": "385 ml",
      "offer_price": 2.99,
      "normal_price": 2.99,
      "price_per_unit": 7.77,
      "price_unit": "l",
      "discount_tag": "2e halve prijs",
      "promo_title": "Jean Bâton of Verstegen",
      "validity": "wo 10 t/m di 16 dec",
      "image_url": "https://www.jumbo.com/dam-images/fit-in/360x360/Products/25072025_1753405212801_1753405224129_397027_POT_08718403014488_C1N1.png",
      "source_url": "https://www.jumbo.com/aanbiedingen/jean-baton-of-verstegen/3012280"
    },
    {
      "id": "549466FLS",
      "name": "Jean Bâton Mayonaise Black Truffle 250 ml",
      "brand": "Jean Baton",
      "category": "Conserven, soepen, sauzen, oliën",
      "unit_size": "250 ml",
      "offer_price": 3.99,
      "normal_price": 3.99,
      "price_per_unit": 15.96,
      "price_unit": "l",
      "discount_tag": "2e halve prijs",
      "promo_title": "Jean Bâton of Verstegen",
      "validity": "wo 10 t/m di 16 dec",
      "image_url": "https://www.jumbo.com/dam-images/fit-in/360x360/Products/22072025_1753151976671_1753151987803_549466_FLS_08718403014983_C1N1.png",
      "source_url": "https://www.jumbo.com/aanbiedingen/jean-baton-of-verstegen/3012280"
    },
    {
      "id": "430758BKR",
      "name": "Verstegen Kant & Klaar Satésaus Origineel 500 g",
      "brand": "Verstegen",
      "category": "Conserven, soepen, sauzen, oliën",
      "unit_size": "500 g",
      "offer_price": 2.99,
      "normal_price": 2.99,
      "price_per_unit": 5.98,
      "price_unit": "kg",
      "discount_tag": "2e halve prijs",
      "promo_title": "Jean Bâton of Verstegen",
      "validity": "wo 10 t/m di 16 dec",
      "image_url": "https://www.jumbo.com/dam-images/fit-in/360x360/Products/02122023_1701497093009_1701497097995_430758_BKR_08712200088260_C1N1.png",
      "source_url": "https://www.jumbo.com/aanbiedingen/jean-baton-of-verstegen/3012280"
    },
    {
      "id": "198228POT",
      "name": "Jean Bâton Mayonnaise Black Truffle 385 ml",
      "brand": "Jean Baton",
      "category": "Conserven, soepen, sauzen, oliën",
      "unit_size": "385 ml",
      "offer_price": 5.99,
      "normal_price": 5.99,
      "price_per_unit": 15.56,
      "price_unit": "l",
      "discount_tag": "2e halve prijs",
      "promo_title": "Jean Bâton of Verstegen",
      "validity": "wo 10 t/m di 16 dec",
      "image_url": "https://www.jumbo.com/dam-images/fit-in/360x360/Products/08718403012873C1N116e53dc21-e33a-44b1-930d-e38f7048402f-1754052288655.png",
      "source_url": "https://www.jumbo.com/aanbiedingen/jean-baton-of-verstegen/3012280"
    },
    {
      "id": "721146POT",
      "name": "Jean Bâton Biologische Mayonaise 245ml",
      "brand": "Jean Baton",
      "category": "Conserven, soepen, sauzen, oliën",
      "unit_size": null,
      "offer_price": 2.99,
      "normal_price": 2.99,
      "price_per_unit": 12.2,
      "price_unit": "l",
      "discount_tag": "2e halve prijs",
      "promo_title": "Jean Bâton of Verstegen",
      "validity": "wo 10 t/m di 16 dec",
      "image_url": "https://www.jumbo.com/dam-images/fit-in/360x360/Products/29092025_1759130656624_1759130667090_721146_POT_08718403012415_C1N1.png",
      "source_url": "https://www.jumbo.com/aanbiedingen/jean-baton-of-verstegen/3012280"
    },
    {
      "id": "713896ZK",
      "name": "Lee Kum Kee Hot Pot Sichuan Style Hot & Spicy Soup base 70g",
      "brand": "Lee Kum Kee",
      "category": "Conserven, soepen, sauzen, oliën",
      "unit_size": null,
      "offer_price": 1.16,
      "normal_price": 1.55,
      "price_per_unit": 16.57,
      "price_unit": "kg",
      "discount_tag": "25% korting",
      "promo_title": "Lee Kum Kee sesam oil, Hotpot Umami Mushroom en Hot Pot Sichuan",
      "validity": "wo 3 t/m di 16 dec",
      "image_url": "https://www.jumbo.com/dam-images/fit-in/360x360/Products/27092025_1758936540223_1758936549071_713896_ZK_00078895123395_C1N1.png",
      "source_url": "https://www.jumbo.com/aanbiedingen/lee-kum-kee-sesam-oil-hotpot-umami-mushroom-en-hot-pot-sichuan/3012087"
    },
    {
      "id": "713891FLS",
      "name": "Lee Kum Kee Sesame Oil 105g",
      "brand": "Lee Kum Kee",
      "category": "Wereldkeukens, kruiden, pasta en rijst",
      "unit_size": null,
      "offer_price": 2.99,
      "normal_price": 3.99,
      "price_per_unit": 28.48,
      "price_unit": "kg",
      "discount_tag": "25% korting",
      "promo_title": "Lee Kum Kee sesam oil, Hotpot Umami Mushroom en Hot Pot Sichuan",
      "validity": "wo 3 t/m di 16 dec",
      "image_url": "https://www.jumbo.com/dam-images/fit-in/360x360/Products/27092025_1758936500212_1758936503841_713891_FLS_00078895166149_C1N1.png",
      "source_url": "https://www.jumbo.com/aanbiedingen/lee-kum-kee-sesam-oil-hotpot-umami-mushroom-en-hot-pot-sichuan/3012087"
    },
    {
      "id": "713892ZK",
      "name": "Lee Kum Kee Hot Pot Umami Mushroom Soup base 60g",
      "brand": "Lee Kum Kee",
      "category": "Conserven, soepen, sauzen, oliën",
      "unit_size": null,
      "offer_price": 1.16,
      "normal_price": 1.55,
      "price_per_unit": 19.33,
      "price_unit": "kg",
      "discount_tag": "25% korting",
      "promo_title": "Lee Kum Kee sesam oil, Hotpot Umami Mushroom en Hot Pot Sichuan",
      "validity": "wo 3 t/m di 16 dec",
      "image_url": "https://www.jumbo.com/dam-images/fit-in/360x360/Products/27092025_1758936568112_1758936575905_713892_ZK_00078895161564_C1N1.png",
      "source_url": "https://www.jumbo.com/aanbiedingen/lee-kum-kee-sesam-oil-hotpot-umami-mushroom-en-hot-pot-sichuan/3012087"
    },
    {
      "id": "390412BLK",
      "name": "Unox Soep In Blik Stevige Tomatensoep 800 ml",
      "brand": "Unox",
      "category": "Conserven, soepen, sauzen, oliën",
      "unit_size": "800 ml",
      "offer_price": 3.89,
      "normal_price": 3.89,
      "price_per_unit": 4.86,
      "price_unit": "l",
      "discount_tag": "2 voor 5,00",
      "promo_title": "Unox soep in blik",
      "validity": "wo 10 t/m di 16 dec",
      "image_url": "https://www.jumbo.com/dam-images/fit-in/360x360/Products/07062025_1749259461262_1749259511068_390412_BLK_08710522674536_H1N1.png",
      "source_url": "https://www.jumbo.com/aanbiedingen/unox-soep-in-blik/3012976"
    },
    {
      "id": "389399BLK",
      "name": "Unox Soep In Blik Stevige Erwtensoep 800 ml",
      "brand": "Unox",
      "category": "Conserven, soepen, sauzen, oliën",
      "unit_size": "800 ml",
      "offer_price": 3.99,
      "normal_price": 3.99,
      "price_per_unit": 4.99,
      "price_unit": "l",
      "discount_tag": "2 voor 5,00",
      "promo_title": "Unox soep in blik",
      "validity": "wo 10 t/m di 16 dec",
      "image_url": "https://www.jumbo.com/dam-images/fit-in/360x360/Products/27092025_1758938704329_1758938749489_389399_BLK_08710522674659_C1N1.png",
      "source_url": "https://www.jumbo.com/aanbiedingen/unox-soep-in-blik/3012976"
    },
    {
      "id": "389434BLK",
      "name": "Unox Soep In Blik Stevige Champignonsoep 800 ml",
      "brand": "Unox",
      "category": "Conserven, soepen, sauzen, oliën",
      "unit_size": "800 ml",
      "offer_price": 4.05,
      "normal_price": 4.05,
      "price_per_unit": 5.06,
      "price_unit": "l",
      "discount_tag": "2 voor 5,00",
      "promo_title": "Unox soep in blik",
      "validity": "wo 10 t/m di 16 dec",
      "image_url": "https://www.jumbo.com/dam-images/fit-in/360x360/Products/01122025_1764555880530_1764555924284_389434_BLK_08710522675151_H1N1.png",
      "source_url": "https://www.jumbo.com/aanbiedingen/unox-soep-in-blik/3012976"
    },
    {
      "id": "389398BLK",
      "name": "Unox Soep In Blik Stevige Chinese Tomatensoep 800 ml",
      "brand": "Unox",
      "category": "Conserven, soepen, sauzen, oliën",
      "unit_size": "800 ml",
      "offer_price": 3.99,
      "normal_price": 3.99,
      "price_per_unit": 4.99,
      "price_unit": "l",
      "discount_tag": "2 voor 5,00",
      "promo_title": "Unox soep in blik",
      "validity": "wo 10 t/m di 16 dec",
      "image_url": "https://www.jumbo.com/dam-images/fit-in/360x360/Products/01112024_1730457187212_1730457194487_8710522674994_1.png",
      "source_url": "https://www.jumbo.com/aanbiedingen/unox-soep-in-blik/3012976"
    },
    {
      "id": "389436BLK",
      "name": "Unox Soep In Blik Stevige Goulashsoep 800 ml",
      "brand": "Unox",
      "category": "Conserven, soepen, sauzen, oliën",
      "unit_size": "800 ml",
      "offer_price": 4.39,
      "normal_price": 4.39,
      "price_per_unit": 5.49,
      "price_unit": "l",
      "discount_tag": "2 voor 5,00",
      "promo_title": "Unox soep in blik",
      "validity": "wo 10 t/m di 16 dec",
      "image_url": "https://www.jumbo.com/dam-images/fit-in/360x360/Products/07052024_1715099655498_1715099662037_8710522674956_1.png",
      "source_url": "https://www.jumbo.com/aanbiedingen/unox-soep-in-blik/3012976"
    },
    {
      "id": "389433BLK",
      "name": "Unox Soep in Blik Stevige Bruine bonensoep 800 ml",
      "brand": "Unox",
      "category": "Conserven, soepen, sauzen, oliën",
      "unit_size": "800 ml",
      "offer_price": 4.35,
      "normal_price": 4.35,
      "price_per_unit": 5.44,
      "price_unit": "l",
      "discount_tag": "2 voor 5,00",
      "promo_title": "Unox soep in blik",
      "validity": "wo 10 t/m di 16 dec",
      "image_url": "https://www.jumbo.com/dam-images/fit-in/360x360/Products/07052024_1715099655424_1715099663908_8710522674789_1.png",
      "source_url": "https://www.jumbo.com/aanbiedingen/unox-soep-in-blik/3012976"
    },
    {
      "id": "392684BLK",
      "name": "Unox Soep In Blik Stevige Tomaten Crème 800 ml",
      "brand": "Unox",
      "category": "Conserven, soepen, sauzen, oliën",
      "unit_size": "800 ml",
      "offer_price": 4.19,
      "normal_price": 4.19,
      "price_per_unit": 5.24,
      "price_unit": "l",
      "discount_tag": "2 voor 5,00",
      "promo_title": "Unox soep in blik",
      "validity": "wo 10 t/m di 16 dec",
      "image_url": "https://www.jumbo.com/dam-images/fit-in/360x360/Products/28112025_1764333191534_1764333197625_8710522675090_1.png",
      "source_url": "https://www.jumbo.com/aanbiedingen/unox-soep-in-blik/3012976"
    },
    {
      "id": "390392BLK",
      "name": "Unox Soep in Blik Originele Uiensoep 800 ml",
      "brand": "Unox",
      "category": "Conserven, soepen, sauzen, oliën",
      "unit_size": "800 ml",
      "offer_price": 4.05,
      "normal_price": 4.05,
      "price_per_unit": 5.06,
      "price_unit": "l",
      "discount_tag": "2 voor 5,00",
      "promo_title": "Unox soep in blik",
      "validity": "wo 10 t/m di 16 dec",
      "image_url": "https://www.jumbo.com/dam-images/fit-in/360x360/Products/14102023_1697247469907_1697247512999_390392_BLK_08710522675038_C1N1.png",
      "source_url": "https://www.jumbo.com/aanbiedingen/unox-soep-in-blik/3012976"
    },
    {
      "id": "390391BLK",
      "name": "Unox Soep In Blik Stevige Tomaat Groente 800 ml",
      "brand": "Unox",
      "category": "Conserven, soepen, sauzen, oliën",
      "unit_size": "800 ml",
      "offer_price": 4.15,
      "normal_price": 4.15,
      "price_per_unit": 5.19,
      "price_unit": "l",
      "discount_tag": "2 voor 5,00",
      "promo_title": "Unox soep in blik",
      "validity": "wo 10 t/m di 16 dec",
      "image_url": "https://www.jumbo.com/dam-images/fit-in/360x360/Products/18102023_1697625489980_1697625503654_8710522675076_1.png",
      "source_url": "https://www.jumbo.com/aanbiedingen/unox-soep-in-blik/3012976"
    },
    {
      "id": "390382BLK",
      "name": "Unox Soep In Blik Originele Kippensoep 800 ml",
      "brand": "Unox",
      "category": "Conserven, soepen, sauzen, oliën",
      "unit_size": "800 ml",
      "offer_price": 3.89,
      "normal_price": 3.89,
      "price_per_unit": 4.86,
      "price_unit": "l",
      "discount_tag": "2 voor 5,00",
      "promo_title": "Unox soep in blik",
      "validity": "wo 10 t/m di 16 dec",
      "image_url": "https://www.jumbo.com/dam-images/fit-in/360x360/Products/27092025_1758939411029_1758939450929_390382_BLK_08710522674697_C1N1.png",
      "source_url": "https://www.jumbo.com/aanbiedingen/unox-soep-in-blik/3012976"
    },
    {
      "id": "390381BLK",
      "name": "Unox Soep In Blik Originele Groente 800 ml",
      "brand": "Unox",
      "category": "Conserven, soepen, sauzen, oliën",
      "unit_size": "800 ml",
      "offer_price": 4.05,
      "normal_price": 4.05,
      "price_per_unit": 5.06,
      "price_unit": "l",
      "discount_tag": "2 voor 5,00",
      "promo_title": "Unox soep in blik",
      "validity": "wo 10 t/m di 16 dec",
      "image_url": "https://www.jumbo.com/dam-images/fit-in/360x360/Products/28112025_1764333191289_1764333198872_8710522674826_1.png",
      "source_url": "https://www.jumbo.com/aanbiedingen/unox-soep-in-blik/3012976"
    },
    {
      "id": "701610PAK",
      "name": "Koh Thai Yellow Curry Paste 70g",
      "brand": "Koh Thai",
      "category": "Wereldkeukens, kruiden, pasta en rijst",
      "unit_size": null,
      "offer_price": 1.7,
      "normal_price": 2.27,
      "price_per_unit": 32.43,
      "price_unit": "kg",
      "discount_tag": "25% korting",
      "promo_title": "Koh Thai loempia vellen, gele curry of udon noodles",
      "validity": "wo 3 t/m di 16 dec",
      "image_url": "https://www.jumbo.com/dam-images/fit-in/360x360/Products/28052025_1748436420084_1748436432748_701610_PAK_08717662264405_C1N1.png",
      "source_url": "https://www.jumbo.com/aanbiedingen/koh-thai-loempia-vellen-gele-curry-of-udon-noodles/3012011"
    },
    {
      "id": "703118ZK",
      "name": "Koh Thai Dikke Udon Noedels 200g",
      "brand": "Koh Thai",
      "category": "Wereldkeukens, kruiden, pasta en rijst",
      "unit_size": null,
      "offer_price": 1.47,
      "normal_price": 1.97,
      "price_per_unit": 7.35,
      "price_unit": "kg",
      "discount_tag": "25% korting",
      "promo_title": "Koh Thai loempia vellen, gele curry of udon noodles",
      "validity": "wo 3 t/m di 16 dec",
      "image_url": "https://www.jumbo.com/dam-images/fit-in/360x360/Products/04062025_1749049244401_1749049268191_703118_ZK_08717662268397_C1N1.png",
      "source_url": "https://www.jumbo.com/aanbiedingen/koh-thai-loempia-vellen-gele-curry-of-udon-noodles/3012011"
    },
    {
      "id": "701589ZK",
      "name": "Koh Thai Loempia Rijstvellen om te Frituren 100g",
      "brand": "Koh Thai",
      "category": "Wereldkeukens, kruiden, pasta en rijst",
      "unit_size": null,
      "offer_price": 1.85,
      "normal_price": 2.47,
      "price_per_unit": 24.7,
      "price_unit": "kg",
      "discount_tag": "25% korting",
      "promo_title": "Koh Thai loempia vellen, gele curry of udon noodles",
      "validity": "wo 3 t/m di 16 dec",
      "image_url": "https://www.jumbo.com/dam-images/fit-in/360x360/Products/28052025_1748436370431_1748436384773_701589_ZK_08720604472905_C1N1.png",
      "source_url": "https://www.jumbo.com/aanbiedingen/koh-thai-loempia-vellen-gele-curry-of-udon-noodles/3012011"
    },
    {
      "id": "621141DSL",
      "name": "Quaker Cruesli Luchtig Voordeelverpakking 4 x 775 gr",
      "brand": "Quaker",
      "category": "Ontbijt, broodbeleg en bakproducten",
      "unit_size": null,
      "offer_price": 20.91,
      "normal_price": 23.24,
      "price_per_unit": 6.75,
      "price_unit": "kg",
      "discount_tag": "10% korting",
      "promo_title": "Quaker Cruesli",
      "validity": "wo 3 t/m wo 31 dec",
      "image_url": "https://www.jumbo.com/dam-images/fit-in/360x360/Products/621141DSL19c602edd-ca89-46e2-9bd1-9ab31470e693-1717402804262.png",
      "source_url": "https://www.jumbo.com/aanbiedingen/quaker-cruesli/3012218"
    },
    {
      "id": "621140DSL",
      "name": "Quaker Cruesli Chocolade Ontbijtgranen Voordeelverpakking 4 x 900 gr",
      "brand": "Quaker",
      "category": "Ontbijt, broodbeleg en bakproducten",
      "unit_size": null,
      "offer_price": 21.56,
      "normal_price": 23.96,
      "price_per_unit": 5.99,
      "price_unit": "kg",
      "discount_tag": "10% korting",
      "promo_title": "Quaker Cruesli",
      "validity": "wo 3 t/m wo 31 dec",
      "image_url": "https://www.jumbo.com/dam-images/fit-in/360x360/Products/621140DSL189012db8-a29d-49cd-8ffe-6f95859b50ae-1717402804088.png",
      "source_url": "https://www.jumbo.com/aanbiedingen/quaker-cruesli/3012218"
    },
    {
      "id": "621142DSL",
      "name": "Quaker Cruesli Rozijn & Hazelnoot Voordeelverpakking 4 x 900 gr",
      "brand": "Quaker",
      "category": "Ontbijt, broodbeleg en bakproducten",
      "unit_size": null,
      "offer_price": 21.56,
      "normal_price": 23.96,
      "price_per_unit": 6.66,
      "price_unit": "kg",
      "discount_tag": "10% korting",
      "promo_title": "Quaker Cruesli",
      "validity": "wo 3 t/m wo 31 dec",
      "image_url": "https://www.jumbo.com/dam-images/fit-in/360x360/Products/621142DSL1e23ba9d3-5cf6-4e98-9ff0-ff6b4db4de07-1717402805122.png",
      "source_url": "https://www.jumbo.com/aanbiedingen/quaker-cruesli/3012218"
    },
    {
      "id": "621119DSL",
      "name": "Quaker Cruesli 4 Noten Voordeelverpakking 4 x 850 gr",
      "brand": "Quaker",
      "category": "Ontbijt, broodbeleg en bakproducten",
      "unit_size": null,
      "offer_price": 20.91,
      "normal_price": 23.24,
      "price_per_unit": 6.15,
      "price_unit": "kg",
      "discount_tag": "10% korting",
      "promo_title": "Quaker Cruesli",
      "validity": "wo 3 t/m wo 31 dec",
      "image_url": "https://www.jumbo.com/dam-images/fit-in/360x360/Products/621119DSL113d92c52-ee21-4858-af3d-721432bebc71-1717402804965.png",
      "source_url": "https://www.jumbo.com/aanbiedingen/quaker-cruesli/3012218"
    },
    {
      "id": "621143DSL",
      "name": "Quaker Cruesli Cookies & Cream Voordeelverpakking 4 x 850 gr",
      "brand": "Quaker",
      "category": "Ontbijt, broodbeleg en bakproducten",
      "unit_size": null,
      "offer_price": 21.34,
      "normal_price": 23.72,
      "price_per_unit": 6.28,
      "price_unit": "kg",
      "discount_tag": "10% korting",
      "promo_title": "Quaker Cruesli",
      "validity": "wo 3 t/m wo 31 dec",
      "image_url": "https://www.jumbo.com/dam-images/fit-in/360x360/Products/621143DSL1cb286bae-45ad-426b-af84-006733a93336-1717402804186.png",
      "source_url": "https://www.jumbo.com/aanbiedingen/quaker-cruesli/3012218"
    },
    {
      "id": "612642ZK",
      "name": "Lay's Max Ribbel Chips Red Sweet Chilli 185 gr",
      "brand": "Lay's",
      "category": "Koek, snoep, chocolade en chips",
      "unit_size": "185 Gram",
      "offer_price": 2.49,
      "normal_price": 2.49,
      "price_per_unit": 13.46,
      "price_unit": "kg",
      "discount_tag": "2 voor 3,50",
      "promo_title": "Lay's Max",
      "validity": "wo 10 t/m di 16 dec",
      "image_url": "https://www.jumbo.com/dam-images/fit-in/360x360/Products/24092025_1758675828381_1758675832044_612642_ZK_08710398529701_H1N1.png",
      "source_url": "https://www.jumbo.com/aanbiedingen/lays-max/3013046"
    },
    {
      "id": "558543ZK",
      "name": "Lay's Max Ribbel Chips Zout & Peper 185 gr",
      "brand": "Lay's",
      "category": "Koek, snoep, chocolade en chips",
      "unit_size": "185 Gram",
      "offer_price": 2.39,
      "normal_price": 2.39,
      "price_per_unit": 12.92,
      "price_unit": "kg",
      "discount_tag": "2 voor 3,50",
      "promo_title": "Lay's Max",
      "validity": "wo 10 t/m di 16 dec",
      "image_url": "https://www.jumbo.com/dam-images/fit-in/360x360/Products/26062025_1750926826709_1750926831171_8710398524225_1.png",
      "source_url": "https://www.jumbo.com/aanbiedingen/lays-max/3013046"
    },
    {
      "id": "482889ZK",
      "name": "Lay's Max Ribbel Chips Paprika 185 gr",
      "brand": "Lay's",
      "category": "Koek, snoep, chocolade en chips",
      "unit_size": "185 Gram",
      "offer_price": 2.39,
      "normal_price": 2.39,
      "price_per_unit": 12.92,
      "price_unit": "kg",
      "discount_tag": "2 voor 3,50",
      "promo_title": "Lay's Max",
      "validity": "wo 10 t/m di 16 dec",
      "image_url": "https://www.jumbo.com/dam-images/fit-in/360x360/Products/04112025_1762223764597_1762223773047_482889_ZK_08710398528841_C1N1.png",
      "source_url": "https://www.jumbo.com/aanbiedingen/lays-max/3013046"
    },
    {
      "id": "482728ZK",
      "name": "Lay's Max Ribbel Chips Patatje Joppie 185 gr",
      "brand": "Lay's",
      "category": "Koek, snoep, chocolade en chips",
      "unit_size": "185 Gram",
      "offer_price": 2.37,
      "normal_price": 2.37,
      "price_per_unit": 12.81,
      "price_unit": "kg",
      "discount_tag": "2 voor 3,50",
      "promo_title": "Lay's Max",
      "validity": "wo 10 t/m di 16 dec",
      "image_url": "https://www.jumbo.com/dam-images/fit-in/360x360/Products/03042025_1743680028859_1743680034252_8710398524171_1.png",
      "source_url": "https://www.jumbo.com/aanbiedingen/lays-max/3013046"
    },
    {
      "id": "614742ZK",
      "name": "Lay's Max Flamin Hot Ribbel Chips 150 gr",
      "brand": "Lay's",
      "category": "Koek, snoep, chocolade en chips",
      "unit_size": "150 Gram",
      "offer_price": 2.39,
      "normal_price": 2.39,
      "price_per_unit": 15.93,
      "price_unit": "kg",
      "discount_tag": "2 voor 3,50",
      "promo_title": "Lay's Max",
      "validity": "wo 10 t/m di 16 dec",
      "image_url": "https://www.jumbo.com/dam-images/fit-in/360x360/Products/27052025_1748313447048_1748313451911_614742_ZK_08710398530097_H1N1.png",
      "source_url": "https://www.jumbo.com/aanbiedingen/lays-max/3013046"
    },
    {
      "id": "667401ZK",
      "name": "Lay's Ribbel Chips Knoflook & Kruiden 185 gr",
      "brand": "Lay's",
      "category": "Koek, snoep, chocolade en chips",
      "unit_size": "185 Gram",
      "offer_price": 2.39,
      "normal_price": 2.39,
      "price_per_unit": 12.92,
      "price_unit": "kg",
      "discount_tag": "2 voor 3,50",
      "promo_title": "Lay's Max",
      "validity": "wo 10 t/m di 16 dec",
      "image_url": "https://www.jumbo.com/dam-images/fit-in/360x360/Products/08072025_1751940537677_1751940542960_667401_ZK_08710398531476_H1N1.png",
      "source_url": "https://www.jumbo.com/aanbiedingen/lays-max/3013046"
    },
    {
      "id": "482718ZK",
      "name": "Lay's Max Ribbel Chips Heinz Tomaten Ketchup 185 gr",
      "brand": "Lay's",
      "category": "Koek, snoep, chocolade en chips",
      "unit_size": "185 Gram",
      "offer_price": 2.39,
      "normal_price": 2.39,
      "price_per_unit": 12.92,
      "price_unit": "kg",
      "discount_tag": "2 voor 3,50",
      "promo_title": "Lay's Max",
      "validity": "wo 10 t/m di 16 dec",
      "image_url": "https://www.jumbo.com/dam-images/fit-in/360x360/Products/02122025_1764696794205_1764696798505_8710398524119_1.png",
      "source_url": "https://www.jumbo.com/aanbiedingen/lays-max/3013046"
    },
    {
      "id": "482712ZK",
      "name": "Lay's Max Ribbel Chips Cheddar Kaas & Ui 185 g",
      "brand": "Lay's",
      "category": "Koek, snoep, chocolade en chips",
      "unit_size": "185 Gram",
      "offer_price": 2.39,
      "normal_price": 2.39,
      "price_per_unit": 12.92,
      "price_unit": "kg",
      "discount_tag": "2 voor 3,50",
      "promo_title": "Lay's Max",
      "validity": "wo 10 t/m di 16 dec",
      "image_url": "https://www.jumbo.com/dam-images/fit-in/360x360/Products/13112025_1762999957314_1762999971107_482712_ZK_08710398524232_C1N1.png",
      "source_url": "https://www.jumbo.com/aanbiedingen/lays-max/3013046"
    },
    {
      "id": "482730ZK",
      "name": " Lay's Max Ribbel Chips Pickles 185 gr",
      "brand": "Lay's",
      "category": "Koek, snoep, chocolade en chips",
      "unit_size": "185 Gram",
      "offer_price": 2.39,
      "normal_price": 2.39,
      "price_per_unit": 12.92,
      "price_unit": "kg",
      "discount_tag": "2 voor 3,50",
      "promo_title": "Lay's Max",
      "validity": "wo 10 t/m di 16 dec",
      "image_url": "https://www.jumbo.com/dam-images/fit-in/360x360/Products/03042025_1743680028694_1743680034246_8710398524157_1.png",
      "source_url": "https://www.jumbo.com/aanbiedingen/lays-max/3013046"
    },
    {
      "id": "482901ZK",
      "name": "Lay's Max Ribbel Chips Naturel 185 gr",
      "brand": "Lay's",
      "category": "Koek, snoep, chocolade en chips",
      "unit_size": "185 Gram",
      "offer_price": 2.39,
      "normal_price": 2.39,
      "price_per_unit": 12.92,
      "price_unit": "kg",
      "discount_tag": "2 voor 3,50",
      "promo_title": "Lay's Max",
      "validity": "wo 10 t/m di 16 dec",
      "image_url": "https://www.jumbo.com/dam-images/fit-in/360x360/Products/24092025_1758677532200_1758677536772_482901_ZK_08710398524089_H1N1.png",
      "source_url": "https://www.jumbo.com/aanbiedingen/lays-max/3013046"
    },
    {
      "id": "558541ZK",
      "name": "Lay's Max Ribbel Chips Roasted Onion & Sour Cream 185 gr",
      "brand": "Lay's",
      "category": "Koek, snoep, chocolade en chips",
      "unit_size": "185 Gram",
      "offer_price": 2.39,
      "normal_price": 2.39,
      "price_per_unit": 12.92,
      "price_unit": "kg",
      "discount_tag": "2 voor 3,50",
      "promo_title": "Lay's Max",
      "validity": "wo 10 t/m di 16 dec",
      "image_url": "https://www.jumbo.com/dam-images/fit-in/360x360/Products/02122025_1764682375543_1764682381309_8710398527370_1.png",
      "source_url": "https://www.jumbo.com/aanbiedingen/lays-max/3013046"
    },
    {
      "id": "515716ZK",
      "name": "Cheetos Chipito Kaas Chips 170 gr",
      "brand": "Cheetos",
      "category": "Koek, snoep, chocolade en chips",
      "unit_size": "170 Gram",
      "offer_price": 2.69,
      "normal_price": 2.69,
      "price_per_unit": 15.82,
      "price_unit": "kg",
      "discount_tag": "2 voor 4,00",
      "promo_title": "Lay's, Cheetos of snackboxen",
      "validity": "wo 3 t/m wo 31 dec",
      "image_url": "https://www.jumbo.com/dam-images/fit-in/360x360/Products/05122025_1764948765315_1764948770007_8710398510648_1.png",
      "source_url": "https://www.jumbo.com/aanbiedingen/lays-cheetos-of-snackboxen/3012030"
    },
    {
      "id": "687717ZK",
      "name": "Lay's Naturel Chips 300 gr",
      "brand": "Lay's",
      "category": "Koek, snoep, chocolade en chips",
      "unit_size": "300 Grram",
      "offer_price": 2.59,
      "normal_price": 2.59,
      "price_per_unit": 8.63,
      "price_unit": "kg",
      "discount_tag": "2 voor 4,00",
      "promo_title": "Lay's, Cheetos of snackboxen",
      "validity": "wo 3 t/m wo 31 dec",
      "image_url": "https://www.jumbo.com/dam-images/fit-in/360x360/Products/29052025_1748514826883_1748514831550_8710398532268_1.png",
      "source_url": "https://www.jumbo.com/aanbiedingen/lays-cheetos-of-snackboxen/3012030"
    },
    {
      "id": "687718ZK",
      "name": "Lay's Barbecue Chips 300 gr",
      "brand": "Lay's",
      "category": "Koek, snoep, chocolade en chips",
      "unit_size": "300 Gram",
      "offer_price": 2.89,
      "normal_price": 2.89,
      "price_per_unit": 9.63,
      "price_unit": "kg",
      "discount_tag": "2 voor 4,00",
      "promo_title": "Lay's, Cheetos of snackboxen",
      "validity": "wo 3 t/m wo 31 dec",
      "image_url": "https://www.jumbo.com/dam-images/fit-in/360x360/Products/24062025_1750727815319_1750727823615_687718_ZK_08710398532251_C1N1.png",
      "source_url": "https://www.jumbo.com/aanbiedingen/lays-cheetos-of-snackboxen/3012030"
    },
    {
      "id": "711677STK",
      "name": "Lay's Max Ribbel Chips Paprika Snackbox 125g",
      "brand": "Lay's",
      "category": "Koek, snoep, chocolade en chips",
      "unit_size": "125 Gram",
      "offer_price": 2.39,
      "normal_price": 2.39,
      "price_per_unit": 19.12,
      "price_unit": "kg",
      "discount_tag": "2 voor 4,00",
      "promo_title": "Lay's, Cheetos of snackboxen",
      "validity": "wo 3 t/m wo 31 dec",
      "image_url": "https://www.jumbo.com/dam-images/fit-in/360x360/Products/29072025_1753813971696_1753813975866_8710398531728_1.png",
      "source_url": "https://www.jumbo.com/aanbiedingen/lays-cheetos-of-snackboxen/3012030"
    },
    {
      "id": "687701ZK",
      "name": "Lay's Cheese Onion Chips 300 gr",
      "brand": "Lay's",
      "category": "Koek, snoep, chocolade en chips",
      "unit_size": "300 Gram",
      "offer_price": 2.59,
      "normal_price": 2.59,
      "price_per_unit": 8.63,
      "price_unit": "kg",
      "discount_tag": "2 voor 4,00",
      "promo_title": "Lay's, Cheetos of snackboxen",
      "validity": "wo 3 t/m wo 31 dec",
      "image_url": "https://www.jumbo.com/dam-images/fit-in/360x360/Products/05062025_1749141166354_1749141175558_8710398532206_1.png",
      "source_url": "https://www.jumbo.com/aanbiedingen/lays-cheetos-of-snackboxen/3012030"
    },
    {
      "id": "711676STK",
      "name": "Doritos Nacho Cheese Tortilla Chips Snackbox 140g",
      "brand": "Doritos",
      "category": "Koek, snoep, chocolade en chips",
      "unit_size": "140 Gram",
      "offer_price": 2.59,
      "normal_price": 2.59,
      "price_per_unit": 18.5,
      "price_unit": "kg",
      "discount_tag": "2 voor 4,00",
      "promo_title": "Lay's, Cheetos of snackboxen",
      "validity": "wo 3 t/m wo 31 dec",
      "image_url": "https://www.jumbo.com/dam-images/fit-in/360x360/Products/29072025_1753813971596_1753813976456_8710398531636_1.png",
      "source_url": "https://www.jumbo.com/aanbiedingen/lays-cheetos-of-snackboxen/3012030"
    },
    {
      "id": "579345ZK",
      "name": "Lay's Hamka's Chips 170 g",
      "brand": "Lay's",
      "category": "Koek, snoep, chocolade en chips",
      "unit_size": "170 Gram",
      "offer_price": 2.49,
      "normal_price": 2.49,
      "price_per_unit": 14.65,
      "price_unit": "kg",
      "discount_tag": "2 voor 4,00",
      "promo_title": "Lay's, Cheetos of snackboxen",
      "validity": "wo 3 t/m wo 31 dec",
      "image_url": "https://www.jumbo.com/dam-images/fit-in/360x360/Products/29102025_1761706067397_1761706072495_579345_ZK_08710398512536_H1N1.png",
      "source_url": "https://www.jumbo.com/aanbiedingen/lays-cheetos-of-snackboxen/3012030"
    },
    {
      "id": "711678STK",
      "name": "Lay's Bugles Nacho Cheese Chips Snackbox 135g",
      "brand": "Lay's",
      "category": "Koek, snoep, chocolade en chips",
      "unit_size": "135 Gram",
      "offer_price": 2.79,
      "normal_price": 2.79,
      "price_per_unit": 20.67,
      "price_unit": "kg",
      "discount_tag": "2 voor 4,00",
      "promo_title": "Lay's, Cheetos of snackboxen",
      "validity": "wo 3 t/m wo 31 dec",
      "image_url": "https://www.jumbo.com/dam-images/fit-in/360x360/Products/29072025_1753813971708_1753813976590_8710398531698_1.png",
      "source_url": "https://www.jumbo.com/aanbiedingen/lays-cheetos-of-snackboxen/3012030"
    },
    {
      "id": "580323ZK",
      "name": "Cheetos Nibb-it Sticks Naturel Chips 150 gr",
      "brand": "Cheetos",
      "category": "Koek, snoep, chocolade en chips",
      "unit_size": "150 Gram",
      "offer_price": 2.79,
      "normal_price": 2.79,
      "price_per_unit": 18.6,
      "price_unit": "kg",
      "discount_tag": "2 voor 4,00",
      "promo_title": "Lay's, Cheetos of snackboxen",
      "validity": "wo 3 t/m wo 31 dec",
      "image_url": "https://www.jumbo.com/dam-images/fit-in/360x360/Products/14052025_1747225993440_1747225999420_8710398510662_1.png",
      "source_url": "https://www.jumbo.com/aanbiedingen/lays-cheetos-of-snackboxen/3012030"
    },
    {
      "id": "196234STK",
      "name": "Cheetos Nibb-It Rings Naturel Chips 150 gr",
      "brand": "Cheetos",
      "category": "Koek, snoep, chocolade en chips",
      "unit_size": "150 Gram",
      "offer_price": 2.79,
      "normal_price": 2.79,
      "price_per_unit": 18.6,
      "price_unit": "kg",
      "discount_tag": "2 voor 4,00",
      "promo_title": "Lay's, Cheetos of snackboxen",
      "validity": "wo 3 t/m wo 31 dec",
      "image_url": "https://www.jumbo.com/dam-images/fit-in/360x360/Products/19082025_1755566319143_1755566323568_196234_STK_08710398510686_H1N1.png",
      "source_url": "https://www.jumbo.com/aanbiedingen/lays-cheetos-of-snackboxen/3012030"
    },
    {
      "id": "687668ZK",
      "name": "Lay's Paprika Chips 300 gr",
      "brand": "Lay's",
      "category": "Koek, snoep, chocolade en chips",
      "unit_size": "300 Gram",
      "offer_price": 2.59,
      "normal_price": 2.59,
      "price_per_unit": 8.63,
      "price_unit": "kg",
      "discount_tag": "2 voor 4,00",
      "promo_title": "Lay's, Cheetos of snackboxen",
      "validity": "wo 3 t/m wo 31 dec",
      "image_url": "https://www.jumbo.com/dam-images/fit-in/360x360/Products/06062025_1749220368355_1749220373514_8710398532244_1.png",
      "source_url": "https://www.jumbo.com/aanbiedingen/lays-cheetos-of-snackboxen/3012030"
    },
    {
      "id": "687751ZK",
      "name": "Lay's Patatje Joppie Chips 300 gr",
      "brand": "Lay's",
      "category": "Koek, snoep, chocolade en chips",
      "unit_size": "300 Gram",
      "offer_price": 2.89,
      "normal_price": 2.89,
      "price_per_unit": 9.63,
      "price_unit": "kg",
      "discount_tag": "2 voor 4,00",
      "promo_title": "Lay's, Cheetos of snackboxen",
      "validity": "wo 3 t/m wo 31 dec",
      "image_url": "https://www.jumbo.com/dam-images/fit-in/360x360/Products/17062025_1750123404425_1750123407834_687751_ZK_08710398532299_H1N1.png",
      "source_url": "https://www.jumbo.com/aanbiedingen/lays-cheetos-of-snackboxen/3012030"
    },
    {
      "id": "687750ZK",
      "name": "Lay's Bolognese Chips 300 gr",
      "brand": "Lay's",
      "category": "Koek, snoep, chocolade en chips",
      "unit_size": "300 Gram",
      "offer_price": 2.89,
      "normal_price": 2.89,
      "price_per_unit": 9.63,
      "price_unit": "kg",
      "discount_tag": "2 voor 4,00",
      "promo_title": "Lay's, Cheetos of snackboxen",
      "validity": "wo 3 t/m wo 31 dec",
      "image_url": "https://www.jumbo.com/dam-images/fit-in/360x360/Products/24062025_1750727507207_1750727510835_687750_ZK_08710398532282_H1N1.png",
      "source_url": "https://www.jumbo.com/aanbiedingen/lays-cheetos-of-snackboxen/3012030"
    },
    {
      "id": "192005STK",
      "name": "Duyvis Oven Baked Pinda's Original 225 g",
      "brand": "Duyvis",
      "category": "Koek, snoep, chocolade en chips",
      "unit_size": "225 Gram",
      "offer_price": 2.39,
      "normal_price": 2.39,
      "price_per_unit": 10.62,
      "price_unit": "kg",
      "discount_tag": "2 voor 4,00",
      "promo_title": "Duyvis",
      "validity": "wo 10 t/m di 16 dec",
      "image_url": "https://www.jumbo.com/dam-images/fit-in/360x360/Products/10102025_1760058290519_1760058295644_192005_STK_08710398156235_H1N1.png",
      "source_url": "https://www.jumbo.com/aanbiedingen/duyvis/3013034"
    },
    {
      "id": "355138ZK",
      "name": "Duyvis Borrelnootjes Oriental Pinda Noten 275 gr",
      "brand": "Duyvis",
      "category": "Koek, snoep, chocolade en chips",
      "unit_size": "275 Gram",
      "offer_price": 2.99,
      "normal_price": 2.99,
      "price_per_unit": 10.87,
      "price_unit": "kg",
      "discount_tag": "2 voor 4,00",
      "promo_title": "Duyvis",
      "validity": "wo 10 t/m di 16 dec",
      "image_url": "https://www.jumbo.com/dam-images/fit-in/360x360/Products/DuyvisBorrelnootjesOriental275grHERO08710398517340H1N1cd82889f-633e-43ff-9270-f5eb5ffa2d45-1761742205436.png",
      "source_url": "https://www.jumbo.com/aanbiedingen/duyvis/3013034"
    },
    {
      "id": "613391ZK",
      "name": "Duyvis Tijgernootjes Flamin Hot Pinda Noten 275 gr",
      "brand": "Duyvis",
      "category": "Koek, snoep, chocolade en chips",
      "unit_size": "275 Gram",
      "offer_price": 3.29,
      "normal_price": 3.29,
      "price_per_unit": 11.96,
      "price_unit": "kg",
      "discount_tag": "2 voor 4,00",
      "promo_title": "Duyvis",
      "validity": "wo 10 t/m di 16 dec",
      "image_url": "https://www.jumbo.com/dam-images/fit-in/360x360/Products/10102025_1760058551406_1760058557864_613391_ZK_08710398529800_H1N1.png",
      "source_url": "https://www.jumbo.com/aanbiedingen/duyvis/3013034"
    },
    {
      "id": "354727ZK",
      "name": "Duyvis Tijgernootjes Fiesta Paprika Pinda Noten 275 gr",
      "brand": "Duyvis",
      "category": "Koek, snoep, chocolade en chips",
      "unit_size": "275 Gram",
      "offer_price": 3.29,
      "normal_price": 3.29,
      "price_per_unit": 11.96,
      "price_unit": "kg",
      "discount_tag": "2 voor 4,00",
      "promo_title": "Duyvis",
      "validity": "wo 10 t/m di 16 dec",
      "image_url": "https://www.jumbo.com/dam-images/fit-in/360x360/Products/DuyvisTijgernootjesPaprikaFiesta275gHERO08710398517524H1N15a45563d-c275-468b-ab3f-a45cb6ad6d4d-1761742172012.png",
      "source_url": "https://www.jumbo.com/aanbiedingen/duyvis/3013034"
    },
    {
      "id": "354726ZK",
      "name": "Duyvis Tijgernootjes BBQ Paprika Pinda Noten 275 gr",
      "brand": "Duyvis",
      "category": "Koek, snoep, chocolade en chips",
      "unit_size": "275 Gram",
      "offer_price": 3.29,
      "normal_price": 3.29,
      "price_per_unit": 11.96,
      "price_unit": "kg",
      "discount_tag": "2 voor 4,00",
      "promo_title": "Duyvis",
      "validity": "wo 10 t/m di 16 dec",
      "image_url": "https://www.jumbo.com/dam-images/fit-in/360x360/Products/11112025_1762828938104_1762828957599_354726_ZK_08710398517500_C1N1.png",
      "source_url": "https://www.jumbo.com/aanbiedingen/duyvis/3013034"
    },
    {
      "id": "585773ZK",
      "name": "Duyvis Fijnproevers Notenmix Paprika 140 g",
      "brand": "Duyvis",
      "category": "Koek, snoep, chocolade en chips",
      "unit_size": "140 Gram",
      "offer_price": 3.99,
      "normal_price": 3.99,
      "price_per_unit": 28.5,
      "price_unit": "kg",
      "discount_tag": "2 voor 4,00",
      "promo_title": "Duyvis",
      "validity": "wo 10 t/m di 16 dec",
      "image_url": "https://www.jumbo.com/dam-images/fit-in/360x360/Products/27032025_1743082411435_1743082417889_8710398529053_1.png",
      "source_url": "https://www.jumbo.com/aanbiedingen/duyvis/3013034"
    },
    {
      "id": "94170ZK",
      "name": "Duyvis Oven Baked Pinda's Honing 175 g",
      "brand": "Duyvis",
      "category": "Koek, snoep, chocolade en chips",
      "unit_size": "175 Gram",
      "offer_price": 2.89,
      "normal_price": 2.89,
      "price_per_unit": 16.51,
      "price_unit": "kg",
      "discount_tag": "2 voor 4,00",
      "promo_title": "Duyvis",
      "validity": "wo 10 t/m di 16 dec",
      "image_url": "https://www.jumbo.com/dam-images/fit-in/360x360/Products/27032025_1743082410391_1743082415727_8710398167071_1.png",
      "source_url": "https://www.jumbo.com/aanbiedingen/duyvis/3013034"
    },
    {
      "id": "354724ZK",
      "name": "Duyvis Borrelnootjes Provencale Pinda Noten 275 gr",
      "brand": "Duyvis",
      "category": "Koek, snoep, chocolade en chips",
      "unit_size": "275 Gram",
      "offer_price": 2.99,
      "normal_price": 2.99,
      "price_per_unit": 10.87,
      "price_unit": "kg",
      "discount_tag": "2 voor 4,00",
      "promo_title": "Duyvis",
      "validity": "wo 10 t/m di 16 dec",
      "image_url": "https://www.jumbo.com/dam-images/fit-in/360x360/Products/DuyvisBorrelnootjesProvencale275grHERO08710398517401H1N132ef6e43-8a20-4725-972d-db706dc6e5f5-1761742112524.png",
      "source_url": "https://www.jumbo.com/aanbiedingen/duyvis/3013034"
    },
    {
      "id": "192008STK",
      "name": "Duyvis Pinda's Ongezouten 235 gr",
      "brand": "Duyvis",
      "category": "Koek, snoep, chocolade en chips",
      "unit_size": "235 Gram",
      "offer_price": 2.39,
      "normal_price": 2.39,
      "price_per_unit": 10.17,
      "price_unit": "kg",
      "discount_tag": "2 voor 4,00",
      "promo_title": "Duyvis",
      "validity": "wo 10 t/m di 16 dec",
      "image_url": "https://www.jumbo.com/dam-images/fit-in/360x360/Products/03072025_1751542367864_1751542374247_8710398159298_1.png",
      "source_url": "https://www.jumbo.com/aanbiedingen/duyvis/3013034"
    },
    {
      "id": "354590ZK",
      "name": "Duyvis Borrelnootjes Poesta Pinda Noten 275 gr",
      "brand": "Duyvis",
      "category": "Koek, snoep, chocolade en chips",
      "unit_size": "275 Gram",
      "offer_price": 2.99,
      "normal_price": 2.99,
      "price_per_unit": 10.87,
      "price_unit": "kg",
      "discount_tag": "2 voor 4,00",
      "promo_title": "Duyvis",
      "validity": "wo 10 t/m di 16 dec",
      "image_url": "https://www.jumbo.com/dam-images/fit-in/360x360/Products/16072025_1752661986255_1752661991615_8710398517388_1.png",
      "source_url": "https://www.jumbo.com/aanbiedingen/duyvis/3013034"
    },
    {
      "id": "585770ZK",
      "name": "Duyvis Fijnproevers Notenmix Chili 140 g",
      "brand": "Duyvis",
      "category": "Koek, snoep, chocolade en chips",
      "unit_size": "140 Gram",
      "offer_price": 3.99,
      "normal_price": 3.99,
      "price_per_unit": 28.5,
      "price_unit": "kg",
      "discount_tag": "2 voor 4,00",
      "promo_title": "Duyvis",
      "validity": "wo 10 t/m di 16 dec",
      "image_url": "https://www.jumbo.com/dam-images/fit-in/360x360/Products/04042025_1743736771387_1743736784102_585770_ZK_08710398528896_C1N1.png",
      "source_url": "https://www.jumbo.com/aanbiedingen/duyvis/3013034"
    },
    {
      "id": "192009STK",
      "name": "Duyvis Pinda's Teriyaki Gemarineerd 225 gr",
      "brand": "Duyvis",
      "category": "Koek, snoep, chocolade en chips",
      "unit_size": "225 Gram",
      "offer_price": 2.39,
      "normal_price": 2.39,
      "price_per_unit": 10.62,
      "price_unit": "kg",
      "discount_tag": "2 voor 4,00",
      "promo_title": "Duyvis",
      "validity": "wo 10 t/m di 16 dec",
      "image_url": "https://www.jumbo.com/dam-images/fit-in/360x360/Products/21112025_1763746398064_1763746404356_8710398156624_1.png",
      "source_url": "https://www.jumbo.com/aanbiedingen/duyvis/3013034"
    },
    {
      "id": "354722ZK",
      "name": "Duyvis Borrelnootjes Cocktail Pinda Noten 275 gr",
      "brand": "Duyvis",
      "category": "Koek, snoep, chocolade en chips",
      "unit_size": "275 Gram",
      "offer_price": 2.99,
      "normal_price": 2.99,
      "price_per_unit": 10.87,
      "price_unit": "kg",
      "discount_tag": "2 voor 4,00",
      "promo_title": "Duyvis",
      "validity": "wo 10 t/m di 16 dec",
      "image_url": "https://www.jumbo.com/dam-images/fit-in/360x360/Products/DuyvisBorrelnootjesCocktail275gHERO08710398517364H1N1f69f4afc-490a-4666-857a-5cbcd6fa1b69-1761742145452.png",
      "source_url": "https://www.jumbo.com/aanbiedingen/duyvis/3013034"
    },
    {
      "id": "59996ZK",
      "name": "Duyvis Gezouten Pinda Noten 235 gr",
      "brand": "Duyvis",
      "category": "Koek, snoep, chocolade en chips",
      "unit_size": "235 Gram",
      "offer_price": 2.39,
      "normal_price": 2.39,
      "price_per_unit": 10.17,
      "price_unit": "kg",
      "discount_tag": "2 voor 4,00",
      "promo_title": "Duyvis",
      "validity": "wo 10 t/m di 16 dec",
      "image_url": "https://www.jumbo.com/dam-images/fit-in/360x360/Products/02122025_1764696793818_1764696799786_8710398162625_1.png",
      "source_url": "https://www.jumbo.com/aanbiedingen/duyvis/3013034"
    },
    {
      "id": "354725ZK",
      "name": "Duyvis Tijgernootjes Bacon Kaas Pinda Noten 275 gr",
      "brand": "Duyvis",
      "category": "Koek, snoep, chocolade en chips",
      "unit_size": "275 Gram",
      "offer_price": 3.29,
      "normal_price": 3.29,
      "price_per_unit": 11.96,
      "price_unit": "kg",
      "discount_tag": "2 voor 4,00",
      "promo_title": "Duyvis",
      "validity": "wo 10 t/m di 16 dec",
      "image_url": "https://www.jumbo.com/dam-images/fit-in/360x360/Products/DuyvisTijgernootjesBaconKaas275grHERO08710398517487H1N1b845cc03-76af-42a8-b96a-b1b1a4985bf4-1761742076791.png",
      "source_url": "https://www.jumbo.com/aanbiedingen/duyvis/3013034"
    },
    {
      "id": "639092DS",
      "name": "Lay's Classic Mix Multipack Chips 12 x 27,5 gr",
      "brand": "Lay's",
      "category": "Koek, snoep, chocolade en chips",
      "unit_size": "330 Gram",
      "offer_price": 4.04,
      "normal_price": 4.49,
      "price_per_unit": 4.04,
      "price_unit": "pieces",
      "discount_tag": "10% korting",
      "promo_title": "Lay's Multibox",
      "validity": "wo 3 t/m wo 31 dec",
      "image_url": "https://www.jumbo.com/dam-images/fit-in/360x360/Products/21112025_1763739241622_1763739249572_8710398531148_1.png",
      "source_url": "https://www.jumbo.com/aanbiedingen/lays-multibox/3012331"
    },
    {
      "id": "639093DS",
      "name": "Lay's Fun Mix Multipack Chips 15 x 27,5 gr",
      "brand": "Lay's",
      "category": "Koek, snoep, chocolade en chips",
      "unit_size": "412.5 Gram",
      "offer_price": 5.84,
      "normal_price": 6.49,
      "price_per_unit": 5.84,
      "price_unit": "pieces",
      "discount_tag": "10% korting",
      "promo_title": "Lay's Multibox",
      "validity": "wo 3 t/m wo 31 dec",
      "image_url": "https://www.jumbo.com/dam-images/fit-in/360x360/Products/02122025_1764675209156_1764675216535_8710398531131_1.png",
      "source_url": "https://www.jumbo.com/aanbiedingen/lays-multibox/3012331"
    },
    {
      "id": "640350DS",
      "name": "Lay's Mega Box Multipack Chips 20 pack",
      "brand": "Lay's",
      "category": "Koek, snoep, chocolade en chips",
      "unit_size": "533.5 Gram",
      "offer_price": 7.19,
      "normal_price": 7.99,
      "price_per_unit": 7.19,
      "price_unit": "pieces",
      "discount_tag": "10% korting",
      "promo_title": "Lay's Multibox",
      "validity": "wo 3 t/m wo 31 dec",
      "image_url": "https://www.jumbo.com/dam-images/fit-in/360x360/Products/02122025_1764671567623_1764671574150_8710398531124_1.png",
      "source_url": "https://www.jumbo.com/aanbiedingen/lays-multibox/3012331"
    },
    {
      "id": "429639FLS",
      "name": "Royal Club Bitter Lemon 0% Suiker Fles 1L",
      "brand": "Royal Club",
      "category": "Frisdrank en sappen",
      "unit_size": null,
      "offer_price": 2.49,
      "normal_price": 2.49,
      "price_per_unit": 2.49,
      "price_unit": "l",
      "discount_tag": "2 voor 3,50",
      "promo_title": "Royal Club",
      "validity": "wo 10 t/m di 16 dec",
      "image_url": "https://www.jumbo.com/dam-images/fit-in/360x360/Products/10102023_1696904392987_1696904397706_429639_FLS_08715600244762_C1N1.png",
      "source_url": "https://www.jumbo.com/aanbiedingen/royal-club/3013033"
    },
    {
      "id": "427968FLS",
      "name": "Royal Club Ginger Beer 0% Suiker 1 L",
      "brand": "Royal Club",
      "category": "Frisdrank en sappen",
      "unit_size": null,
      "offer_price": 2.49,
      "normal_price": 2.49,
      "price_per_unit": 2.49,
      "price_unit": "l",
      "discount_tag": "2 voor 3,50",
      "promo_title": "Royal Club",
      "validity": "wo 10 t/m di 16 dec",
      "image_url": "https://www.jumbo.com/dam-images/fit-in/360x360/Products/10082023_1691675813375_1691675817281_8715600245431_1.png",
      "source_url": "https://www.jumbo.com/aanbiedingen/royal-club/3013033"
    },
    {
      "id": "480353FLS",
      "name": "Royal Club Rose Lemonade 0 % Suiker PET 1 L",
      "brand": "Royal Club",
      "category": "Frisdrank en sappen",
      "unit_size": null,
      "offer_price": 2.49,
      "normal_price": 2.49,
      "price_per_unit": 2.49,
      "price_unit": "l",
      "discount_tag": "2 voor 3,50",
      "promo_title": "Royal Club",
      "validity": "wo 10 t/m di 16 dec",
      "image_url": "https://www.jumbo.com/dam-images/fit-in/360x360/Products/10102024_1728528805142_1728528812203_480353_FLS_08715600246858_H1N1.png",
      "source_url": "https://www.jumbo.com/aanbiedingen/royal-club/3013033"
    },
    {
      "id": "429666FLS",
      "name": "Royal Club Ginger Ale 0% Suiker Fles 1L",
      "brand": "Royal Club",
      "category": "Frisdrank en sappen",
      "unit_size": null,
      "offer_price": 2.49,
      "normal_price": 2.49,
      "price_per_unit": 2.49,
      "price_unit": "l",
      "discount_tag": "2 voor 3,50",
      "promo_title": "Royal Club",
      "validity": "wo 10 t/m di 16 dec",
      "image_url": "https://www.jumbo.com/dam-images/fit-in/360x360/Products/10102023_1696902965581_1696902969883_429666_FLS_08715600244823_C1N1.png",
      "source_url": "https://www.jumbo.com/aanbiedingen/royal-club/3013033"
    },
    {
      "id": "666855FLS",
      "name": "Royal Club Pink Grapefruit 0% 1L",
      "brand": "Royal Club",
      "category": "Frisdrank en sappen",
      "unit_size": null,
      "offer_price": 2.49,
      "normal_price": 2.49,
      "price_per_unit": 2.49,
      "price_unit": "l",
      "discount_tag": "2 voor 3,50",
      "promo_title": "Royal Club",
      "validity": "wo 10 t/m di 16 dec",
      "image_url": "https://www.jumbo.com/dam-images/fit-in/360x360/Products/22082025_1755826146462_1755826153046_666855_FLS_08715600249569_H1N1.png",
      "source_url": "https://www.jumbo.com/aanbiedingen/royal-club/3013033"
    },
    {
      "id": "429203FLS",
      "name": "Royal Club Ginger Ale Fles 1L",
      "brand": "Royal Club",
      "category": "Frisdrank en sappen",
      "unit_size": null,
      "offer_price": 2.49,
      "normal_price": 2.49,
      "price_per_unit": 2.49,
      "price_unit": "l",
      "discount_tag": "2 voor 3,50",
      "promo_title": "Royal Club",
      "validity": "wo 10 t/m di 16 dec",
      "image_url": "https://www.jumbo.com/dam-images/fit-in/360x360/Products/08122023_1702014513383_1702014519100_429203_FLS_08715600244861_C1N1.png",
      "source_url": "https://www.jumbo.com/aanbiedingen/royal-club/3013033"
    },
    {
      "id": "436015FLS",
      "name": "Royal Club Ginger Beer 1L",
      "brand": "Royal Club",
      "category": "Frisdrank en sappen",
      "unit_size": null,
      "offer_price": 2.49,
      "normal_price": 2.49,
      "price_per_unit": 2.49,
      "price_unit": "l",
      "discount_tag": "2 voor 3,50",
      "promo_title": "Royal Club",
      "validity": "wo 10 t/m di 16 dec",
      "image_url": "https://www.jumbo.com/dam-images/fit-in/360x360/Products/10102023_1696906088185_1696906092899_436015_FLS_08715600244885_C1N1.png",
      "source_url": "https://www.jumbo.com/aanbiedingen/royal-club/3013033"
    },
    {
      "id": "436014FLS",
      "name": "Royal Club Tonic Classic 0% Suiker Fles 1L",
      "brand": "Royal Club",
      "category": "Frisdrank en sappen",
      "unit_size": null,
      "offer_price": 2.49,
      "normal_price": 2.49,
      "price_per_unit": 2.49,
      "price_unit": "l",
      "discount_tag": "2 voor 3,50",
      "promo_title": "Royal Club",
      "validity": "wo 10 t/m di 16 dec",
      "image_url": "https://www.jumbo.com/dam-images/fit-in/360x360/Products/21112023_1700536918015_1700536923024_436014_FLS_08715600244984_C1N1.png",
      "source_url": "https://www.jumbo.com/aanbiedingen/royal-club/3013033"
    },
    {
      "id": "429671FLS",
      "name": "Royal Club Tonic Fles 1L",
      "brand": "Royal Club",
      "category": "Frisdrank en sappen",
      "unit_size": null,
      "offer_price": 2.49,
      "normal_price": 2.49,
      "price_per_unit": 2.49,
      "price_unit": "l",
      "discount_tag": "2 voor 3,50",
      "promo_title": "Royal Club",
      "validity": "wo 10 t/m di 16 dec",
      "image_url": "https://www.jumbo.com/dam-images/fit-in/360x360/Products/09082023_1691588126527_1691588151812_8715600244946_1.png",
      "source_url": "https://www.jumbo.com/aanbiedingen/royal-club/3013033"
    },
    {
      "id": "469606FLS",
      "name": "Royal Club Bitter Lemon Fles 1L",
      "brand": "Royal Club",
      "category": "Frisdrank en sappen",
      "unit_size": null,
      "offer_price": 2.49,
      "normal_price": 2.49,
      "price_per_unit": 2.49,
      "price_unit": "l",
      "discount_tag": "2 voor 3,50",
      "promo_title": "Royal Club",
      "validity": "wo 10 t/m di 16 dec",
      "image_url": "https://www.jumbo.com/dam-images/fit-in/360x360/Products/10102023_1696900790728_1696900795353_469606_FLS_08715600244724_C1N1.png",
      "source_url": "https://www.jumbo.com/aanbiedingen/royal-club/3013033"
    },
    {
      "id": "723624ZK",
      "name": "Coca-Cola Kerstkaart 2 Stuks",
      "brand": "Coca-Cola",
      "category": "",
      "unit_size": null,
      "offer_price": 4.99,
      "normal_price": 4.99,
      "price_per_unit": 4.99,
      "price_unit": "pieces",
      "discount_tag": "Gratis set kerstkaarten",
      "promo_title": "Gratis set kerstkaarten bij aankoop van een Coca-Cola 5+1 pack",
      "validity": "wo 3 t/m wo 31 dec",
      "image_url": "https://www.jumbo.com/dam-images/fit-in/360x360/Products/2250578CCKerstkaartBallen1080x1080pxv162f7b497-e6fd-43cd-af6b-c0931bb8fb66-1763128066546.png",
      "source_url": "https://www.jumbo.com/aanbiedingen/gratis-set-kerstkaarten-bij-aankoop-van-een-coca-cola-5+1-pack/3012668"
    },
    {
      "id": "712418PAK",
      "name": "Coca-Cola Light 5+1 Gratis - Fles - 6 x 1,5 L",
      "brand": "Coca-Cola",
      "category": "Frisdrank en sappen",
      "unit_size": null,
      "offer_price": 14.45,
      "normal_price": 14.45,
      "price_per_unit": 1.61,
      "price_unit": "l",
      "discount_tag": "Gratis set kerstkaarten",
      "promo_title": "Gratis set kerstkaarten bij aankoop van een Coca-Cola 5+1 pack",
      "validity": "wo 3 t/m wo 31 dec",
      "image_url": "https://www.jumbo.com/dam-images/fit-in/360x360/Products/04082025_1754291657121_1754291665792_712418_PAK_05000112647136_H1N1.png",
      "source_url": "https://www.jumbo.com/aanbiedingen/gratis-set-kerstkaarten-bij-aankoop-van-een-coca-cola-5+1-pack/3012668"
    },
    {
      "id": "712417PAK",
      "name": "Coca-Cola Original Taste 5+1 Gratis PET Fles 6 x 1,5 L",
      "brand": "Coca-Cola",
      "category": "Frisdrank en sappen",
      "unit_size": "6 x 1.5 L",
      "offer_price": 14.45,
      "normal_price": 14.45,
      "price_per_unit": 1.61,
      "price_unit": "l",
      "discount_tag": "Gratis set kerstkaarten",
      "promo_title": "Gratis set kerstkaarten bij aankoop van een Coca-Cola 5+1 pack",
      "validity": "wo 3 t/m wo 31 dec",
      "image_url": "https://www.jumbo.com/dam-images/fit-in/360x360/Products/03122025_1764730845182_1764730855417_712417_PAK_05000112620559_H1N1.png",
      "source_url": "https://www.jumbo.com/aanbiedingen/gratis-set-kerstkaarten-bij-aankoop-van-een-coca-cola-5+1-pack/3012668"
    },
    {
      "id": "712419PAK",
      "name": "Coca-Cola Zero Sugar 5+1 Gratis PET Fles 6 x 1,5 L",
      "brand": "Coca-Cola",
      "category": "Frisdrank en sappen",
      "unit_size": "6 x 1.5 L",
      "offer_price": 14.45,
      "normal_price": 14.45,
      "price_per_unit": 1.61,
      "price_unit": "l",
      "discount_tag": "Gratis set kerstkaarten",
      "promo_title": "Gratis set kerstkaarten bij aankoop van een Coca-Cola 5+1 pack",
      "validity": "wo 3 t/m wo 31 dec",
      "image_url": "https://www.jumbo.com/dam-images/fit-in/360x360/Products/03122025_1764730639870_1764730649421_712419_PAK_05000112646856_H1N1.png",
      "source_url": "https://www.jumbo.com/aanbiedingen/gratis-set-kerstkaarten-bij-aankoop-van-een-coca-cola-5+1-pack/3012668"
    },
    {
      "id": "425039FLS",
      "name": "Lipton Ice Tea Green Original 1,5 L",
      "brand": "Lipton",
      "category": "Frisdrank en sappen",
      "unit_size": "1.5 L",
      "offer_price": 3.49,
      "normal_price": 3.49,
      "price_per_unit": 2.33,
      "price_unit": "l",
      "discount_tag": "2 voor 5,00",
      "promo_title": "Lipton",
      "validity": "wo 10 t/m di 16 dec",
      "image_url": "https://www.jumbo.com/dam-images/fit-in/360x360/Products/09122025_1765246149065_1765246163859_425039_FLS_08711327507487_H1N1.png",
      "source_url": "https://www.jumbo.com/aanbiedingen/lipton/3013035"
    },
    {
      "id": "486977FLS",
      "name": "Lipton Ice Tea Green Zero Sugar 1,5 L",
      "brand": "Lipton",
      "category": "Frisdrank en sappen",
      "unit_size": "1.5 L",
      "offer_price": 3.69,
      "normal_price": 3.69,
      "price_per_unit": 2.46,
      "price_unit": "l",
      "discount_tag": "2 voor 5,00",
      "promo_title": "Lipton",
      "validity": "wo 10 t/m di 16 dec",
      "image_url": "https://www.jumbo.com/dam-images/fit-in/360x360/Products/01122025_1764558986513_1764559012327_486977_FLS_08711327550926_H1N1.png",
      "source_url": "https://www.jumbo.com/aanbiedingen/lipton/3013035"
    },
    {
      "id": "553432PAK",
      "name": "Lipton Ice Tea Peach 1,5 L",
      "brand": "Lipton",
      "category": "Frisdrank en sappen",
      "unit_size": "1.5 L",
      "offer_price": 3.39,
      "normal_price": 3.39,
      "price_per_unit": 2.26,
      "price_unit": "l",
      "discount_tag": "2 voor 5,00",
      "promo_title": "Lipton",
      "validity": "wo 10 t/m di 16 dec",
      "image_url": "https://www.jumbo.com/dam-images/fit-in/360x360/Products/07122025_1765075523094_1765075548538_553432_PAK_08711327579033_H1N1.png",
      "source_url": "https://www.jumbo.com/aanbiedingen/lipton/3013035"
    },
    {
      "id": "487948PAK",
      "name": "Lipton Ice Tea Green Zero Sugar 1,5 L",
      "brand": "Lipton",
      "category": "Frisdrank en sappen",
      "unit_size": "1.5 L",
      "offer_price": 3.39,
      "normal_price": 3.39,
      "price_per_unit": 2.26,
      "price_unit": "l",
      "discount_tag": "2 voor 5,00",
      "promo_title": "Lipton",
      "validity": "wo 10 t/m di 16 dec",
      "image_url": "https://www.jumbo.com/dam-images/fit-in/360x360/Products/09122025_1765247094924_1765247112743_487948_PAK_08711327547841_H1N1.png",
      "source_url": "https://www.jumbo.com/aanbiedingen/lipton/3013035"
    },
    {
      "id": "487943PAK",
      "name": "Lipton Ice Tea Green Original 1,5 L",
      "brand": "Lipton",
      "category": "Frisdrank en sappen",
      "unit_size": "1.5 L",
      "offer_price": 3.39,
      "normal_price": 3.39,
      "price_per_unit": 2.26,
      "price_unit": "l",
      "discount_tag": "2 voor 5,00",
      "promo_title": "Lipton",
      "validity": "wo 10 t/m di 16 dec",
      "image_url": "https://www.jumbo.com/dam-images/fit-in/360x360/Products/09122025_1765247207943_1765247233384_487943_PAK_08711327547988_H1N1.png",
      "source_url": "https://www.jumbo.com/aanbiedingen/lipton/3013035"
    },
    {
      "id": "489054PAK",
      "name": "Lipton Ice Tea Peach Zero Sugar 1.5 L",
      "brand": "Lipton",
      "category": "Frisdrank en sappen",
      "unit_size": "1.5 L",
      "offer_price": 3.39,
      "normal_price": 3.39,
      "price_per_unit": 2.26,
      "price_unit": "l",
      "discount_tag": "2 voor 5,00",
      "promo_title": "Lipton",
      "validity": "wo 10 t/m di 16 dec",
      "image_url": "https://www.jumbo.com/dam-images/fit-in/360x360/Products/01122025_1764560273342_1764560292086_489054_PAK_08711327547865_H1N1.png",
      "source_url": "https://www.jumbo.com/aanbiedingen/lipton/3013035"
    },
    {
      "id": "533298PAK",
      "name": "Lipton Ice Tea Sparkling Original 4x250ML",
      "brand": "Lipton",
      "category": "Frisdrank en sappen",
      "unit_size": null,
      "offer_price": 3.59,
      "normal_price": 3.59,
      "price_per_unit": 3.59,
      "price_unit": "l",
      "discount_tag": "2 voor 5,00",
      "promo_title": "Lipton",
      "validity": "wo 10 t/m di 16 dec",
      "image_url": "https://www.jumbo.com/dam-images/fit-in/360x360/Products/08711327572546H1N13dc1434d-9de5-4516-9819-0ec828f34216-1719933506624.png",
      "source_url": "https://www.jumbo.com/aanbiedingen/lipton/3013035"
    },
    {
      "id": "670282PAK",
      "name": "Lipton Ice Tea Sparkling Zero 4 x 250 ml",
      "brand": "Lipton",
      "category": "Frisdrank en sappen",
      "unit_size": "4 x 25 cl",
      "offer_price": 3.59,
      "normal_price": 3.59,
      "price_per_unit": 3.59,
      "price_unit": "l",
      "discount_tag": "2 voor 5,00",
      "promo_title": "Lipton",
      "validity": "wo 10 t/m di 16 dec",
      "image_url": "https://www.jumbo.com/dam-images/fit-in/360x360/Products/06032025_1741275176494_1741275183543_8711327641907_1.png",
      "source_url": "https://www.jumbo.com/aanbiedingen/lipton/3013035"
    },
    {
      "id": "670280PAK",
      "name": "Lipton Green Citrus Sparkling 4x250ML",
      "brand": "Lipton",
      "category": "Frisdrank en sappen",
      "unit_size": null,
      "offer_price": 3.59,
      "normal_price": 3.59,
      "price_per_unit": 3.59,
      "price_unit": "l",
      "discount_tag": "2 voor 5,00",
      "promo_title": "Lipton",
      "validity": "wo 10 t/m di 16 dec",
      "image_url": "https://www.jumbo.com/dam-images/fit-in/360x360/Products/08711327670693H1N17daba1b8-eaf8-436a-8190-1c8cd1b692f3-1743164908641.png",
      "source_url": "https://www.jumbo.com/aanbiedingen/lipton/3013035"
    },
    {
      "id": "610601PAK",
      "name": "Lipton Ice Tea Green Strawberry 1,5 L",
      "brand": "Lipton",
      "category": "Frisdrank en sappen",
      "unit_size": "1.5 L",
      "offer_price": 3.39,
      "normal_price": 3.39,
      "price_per_unit": 2.26,
      "price_unit": "l",
      "discount_tag": "2 voor 5,00",
      "promo_title": "Lipton",
      "validity": "wo 10 t/m di 16 dec",
      "image_url": "https://www.jumbo.com/dam-images/fit-in/360x360/Products/03042025_1743645301830_1743645336064_610601_PAK_08711327623972_H1N1.png",
      "source_url": "https://www.jumbo.com/aanbiedingen/lipton/3013035"
    },
    {
      "id": "553403FLS",
      "name": "Lipton Ice Tea Sparkling Zero Sugar 1.5 L",
      "brand": "Lipton",
      "category": "Frisdrank en sappen",
      "unit_size": "1.5 L",
      "offer_price": 3.69,
      "normal_price": 3.69,
      "price_per_unit": 2.46,
      "price_unit": "l",
      "discount_tag": "2 voor 5,00",
      "promo_title": "Lipton",
      "validity": "wo 10 t/m di 16 dec",
      "image_url": "https://www.jumbo.com/dam-images/fit-in/360x360/Products/09122025_1765249857906_1765249885311_553403_FLS_08711327586086_H1N1.png",
      "source_url": "https://www.jumbo.com/aanbiedingen/lipton/3013035"
    },
    {
      "id": "487945PAK",
      "name": "Lipton Ice Tea Green Lemon 1,5 L",
      "brand": "Lipton",
      "category": "Frisdrank en sappen",
      "unit_size": "1.5 L",
      "offer_price": 3.39,
      "normal_price": 3.39,
      "price_per_unit": 2.26,
      "price_unit": "l",
      "discount_tag": "2 voor 5,00",
      "promo_title": "Lipton",
      "validity": "wo 10 t/m di 16 dec",
      "image_url": "https://www.jumbo.com/dam-images/fit-in/360x360/Products/09122025_1765247194318_1765247210780_487945_PAK_08711327547964_H1N1.png",
      "source_url": "https://www.jumbo.com/aanbiedingen/lipton/3013035"
    },
    {
      "id": "670185PAK",
      "name": "Lipton Ice Tea Peach 4 x 250 ml",
      "brand": "Lipton",
      "category": "Frisdrank en sappen",
      "unit_size": "250 ml",
      "offer_price": 3.59,
      "normal_price": 3.59,
      "price_per_unit": 3.59,
      "price_unit": "l",
      "discount_tag": "2 voor 5,00",
      "promo_title": "Lipton",
      "validity": "wo 10 t/m di 16 dec",
      "image_url": "https://www.jumbo.com/dam-images/fit-in/360x360/Products/08711327572140H1N1b75c61f5-71d6-4901-a335-159147e0579e-1719934100092.png",
      "source_url": "https://www.jumbo.com/aanbiedingen/lipton/3013035"
    },
    {
      "id": "670279PAK",
      "name": "Lipton Ice Tea Peach Zero 4 x 250 ml",
      "brand": "Lipton",
      "category": "Frisdrank en sappen",
      "unit_size": "4 x 25 cl",
      "offer_price": 3.69,
      "normal_price": 3.69,
      "price_per_unit": 3.69,
      "price_unit": "l",
      "discount_tag": "2 voor 5,00",
      "promo_title": "Lipton",
      "validity": "wo 10 t/m di 16 dec",
      "image_url": "https://www.jumbo.com/dam-images/fit-in/360x360/Products/06032025_1741275176504_1741275182116_8711327641754_1.png",
      "source_url": "https://www.jumbo.com/aanbiedingen/lipton/3013035"
    },
    {
      "id": "610600FLS",
      "name": "Lipton Ice Tea Green Strawberry 1,5 L",
      "brand": "Lipton",
      "category": "Frisdrank en sappen",
      "unit_size": "1.5 L",
      "offer_price": 3.69,
      "normal_price": 3.69,
      "price_per_unit": 2.46,
      "price_unit": "l",
      "discount_tag": "2 voor 5,00",
      "promo_title": "Lipton",
      "validity": "wo 10 t/m di 16 dec",
      "image_url": "https://www.jumbo.com/dam-images/fit-in/360x360/Products/03042025_1743645315237_1743645350612_610600_FLS_08711327624511_H1N1.png",
      "source_url": "https://www.jumbo.com/aanbiedingen/lipton/3013035"
    },
    {
      "id": "553415PAK",
      "name": "Lipton Ice Tea Lemon 1,5 L",
      "brand": "Lipton",
      "category": "Frisdrank en sappen",
      "unit_size": "1.5 L",
      "offer_price": 3.69,
      "normal_price": 3.69,
      "price_per_unit": 2.46,
      "price_unit": "l",
      "discount_tag": "2 voor 5,00",
      "promo_title": "Lipton",
      "validity": "wo 10 t/m di 16 dec",
      "image_url": "https://www.jumbo.com/dam-images/fit-in/360x360/Products/07122025_1765076945245_1765076970137_553415_PAK_08711327579026_H1N1.png",
      "source_url": "https://www.jumbo.com/aanbiedingen/lipton/3013035"
    },
    {
      "id": "553414FLS",
      "name": "Lipton Ice Tea Lemon 1500 ml",
      "brand": "Lipton",
      "category": "Frisdrank en sappen",
      "unit_size": "1.5 L",
      "offer_price": 3.69,
      "normal_price": 3.69,
      "price_per_unit": 2.46,
      "price_unit": "l",
      "discount_tag": "2 voor 5,00",
      "promo_title": "Lipton",
      "validity": "wo 10 t/m di 16 dec",
      "image_url": "https://www.jumbo.com/dam-images/fit-in/360x360/Products/03042025_1743650375598_1743650401036_553414_FLS_08711327583917_H1N1.png",
      "source_url": "https://www.jumbo.com/aanbiedingen/lipton/3013035"
    },
    {
      "id": "610603PAK",
      "name": "Lipton Ice Tea Green Mango Zero 1,5 L",
      "brand": "Lipton",
      "category": "Frisdrank en sappen",
      "unit_size": "1.5 L",
      "offer_price": 3.39,
      "normal_price": 3.39,
      "price_per_unit": 2.26,
      "price_unit": "l",
      "discount_tag": "2 voor 5,00",
      "promo_title": "Lipton",
      "validity": "wo 10 t/m di 16 dec",
      "image_url": "https://www.jumbo.com/dam-images/fit-in/360x360/Products/14122025_1765680918365_1765680933961_610603_PAK_08711327632707_H1N1.png",
      "source_url": "https://www.jumbo.com/aanbiedingen/lipton/3013035"
    },
    {
      "id": "426828FLS",
      "name": "Lipton Ice Tea Sparkling Original 1.5 L",
      "brand": "Lipton",
      "category": "Frisdrank en sappen",
      "unit_size": "1.5 L",
      "offer_price": 3.39,
      "normal_price": 3.39,
      "price_per_unit": 2.26,
      "price_unit": "l",
      "discount_tag": "2 voor 5,00",
      "promo_title": "Lipton",
      "validity": "wo 10 t/m di 16 dec",
      "image_url": "https://www.jumbo.com/dam-images/fit-in/360x360/Products/09122025_1765249538185_1765249553742_426828_FLS_08711327508491_H1N1.png",
      "source_url": "https://www.jumbo.com/aanbiedingen/lipton/3013035"
    },
    {
      "id": "670278FLS",
      "name": "Lipton Ice Tea Sparkling Green Citrus No Sugar 1,5 L",
      "brand": "Lipton",
      "category": "Frisdrank en sappen",
      "unit_size": "1.5 L",
      "offer_price": 3.69,
      "normal_price": 3.69,
      "price_per_unit": 2.46,
      "price_unit": "l",
      "discount_tag": "2 voor 5,00",
      "promo_title": "Lipton",
      "validity": "wo 10 t/m di 16 dec",
      "image_url": "https://www.jumbo.com/dam-images/fit-in/360x360/Products/16102025_1760580740799_1760580761129_670278_FLS_08711327670273_H1N1.png",
      "source_url": "https://www.jumbo.com/aanbiedingen/lipton/3013035"
    },
    {
      "id": "553413FLS",
      "name": "Lipton Ice Tea Peach 1500 ml",
      "brand": "Lipton",
      "category": "Frisdrank en sappen",
      "unit_size": "1.5 L",
      "offer_price": 3.69,
      "normal_price": 3.69,
      "price_per_unit": 2.46,
      "price_unit": "l",
      "discount_tag": "2 voor 5,00",
      "promo_title": "Lipton",
      "validity": "wo 10 t/m di 16 dec",
      "image_url": "https://www.jumbo.com/dam-images/fit-in/360x360/Products/09122025_1765249505534_1765249532629_553413_FLS_08711327579064_H1N1.png",
      "source_url": "https://www.jumbo.com/aanbiedingen/lipton/3013035"
    },
    {
      "id": "425050FLS",
      "name": "Lipton Ice Tea Green Lemon 1,5 L",
      "brand": "Lipton",
      "category": "Frisdrank en sappen",
      "unit_size": "1.5 L",
      "offer_price": 3.59,
      "normal_price": 3.59,
      "price_per_unit": 2.39,
      "price_unit": "l",
      "discount_tag": "2 voor 5,00",
      "promo_title": "Lipton",
      "validity": "wo 10 t/m di 16 dec",
      "image_url": "https://www.jumbo.com/dam-images/fit-in/360x360/Products/14122025_1765678658792_1765678684904_425050_FLS_08711327507500_H1N1.png",
      "source_url": "https://www.jumbo.com/aanbiedingen/lipton/3013035"
    },
    {
      "id": "670184PAK",
      "name": "Lipton Ice Tea Green Zero 4 x 250 ml",
      "brand": "Lipton",
      "category": "Frisdrank en sappen",
      "unit_size": "4 x 25 cl",
      "offer_price": 3.69,
      "normal_price": 3.69,
      "price_per_unit": 3.69,
      "price_unit": "l",
      "discount_tag": "2 voor 5,00",
      "promo_title": "Lipton",
      "validity": "wo 10 t/m di 16 dec",
      "image_url": "https://www.jumbo.com/dam-images/fit-in/360x360/Products/06032025_1741275176472_1741275183624_8711327641839_1.png",
      "source_url": "https://www.jumbo.com/aanbiedingen/lipton/3013035"
    },
    {
      "id": "553434FLS",
      "name": "Lipton Ice Tea Green Mango Zero Sugar 1,5L",
      "brand": "Lipton",
      "category": "Frisdrank en sappen",
      "unit_size": "1.5 L",
      "offer_price": 3.69,
      "normal_price": 3.69,
      "price_per_unit": 2.46,
      "price_unit": "l",
      "discount_tag": "2 voor 5,00",
      "promo_title": "Lipton",
      "validity": "wo 10 t/m di 16 dec",
      "image_url": "https://www.jumbo.com/dam-images/fit-in/360x360/Products/16102025_1760577394876_1760577414478_553434_FLS_08711327586703_H1N1.png",
      "source_url": "https://www.jumbo.com/aanbiedingen/lipton/3013035"
    },
    {
      "id": "670182PAK",
      "name": "Lipton Ice Tea Green 4 x 250 ml",
      "brand": "Lipton",
      "category": "Frisdrank en sappen",
      "unit_size": "250 ml",
      "offer_price": 3.59,
      "normal_price": 3.59,
      "price_per_unit": 3.59,
      "price_unit": "l",
      "discount_tag": "2 voor 5,00",
      "promo_title": "Lipton",
      "validity": "wo 10 t/m di 16 dec",
      "image_url": "https://www.jumbo.com/dam-images/fit-in/360x360/Products/08711327573840H1N123f3f6ee-c6cd-48a9-8998-e60ac203137d-1719930405517.png",
      "source_url": "https://www.jumbo.com/aanbiedingen/lipton/3013035"
    },
    {
      "id": "670183PAK",
      "name": "Lipton Ice Tea Green Lemon 4 x 250 ml",
      "brand": "Lipton",
      "category": "Frisdrank en sappen",
      "unit_size": "4 x 25 cl",
      "offer_price": 3.69,
      "normal_price": 3.69,
      "price_per_unit": 3.69,
      "price_unit": "l",
      "discount_tag": "2 voor 5,00",
      "promo_title": "Lipton",
      "validity": "wo 10 t/m di 16 dec",
      "image_url": "https://www.jumbo.com/dam-images/fit-in/360x360/Products/06032025_1741275176358_1741275182529_8711327641860_1.png",
      "source_url": "https://www.jumbo.com/aanbiedingen/lipton/3013035"
    },
    {
      "id": "514110FLS",
      "name": "Karvan Cévitam Bosvruchten Original Siroop, 600 ml",
      "brand": "Karvan Cevitam",
      "category": "Frisdrank en sappen",
      "unit_size": null,
      "offer_price": 4.29,
      "normal_price": 4.29,
      "price_per_unit": 7.15,
      "price_unit": "l",
      "discount_tag": "2 voor 6,00",
      "promo_title": "Karvan Cévitam",
      "validity": "wo 3 t/m wo 31 dec",
      "image_url": "https://www.jumbo.com/dam-images/fit-in/360x360/Products/08082025_1754616711690_1754616717777_514110_FLS_08715700122465_H1N1.png",
      "source_url": "https://www.jumbo.com/aanbiedingen/karvan-cevitam/3012067"
    },
    {
      "id": "172158DS",
      "name": "Karvan Cévitam GO Cassis Siroop, 48 ml",
      "brand": "Karvan Cevitam",
      "category": "Frisdrank en sappen",
      "unit_size": null,
      "offer_price": 3.99,
      "normal_price": 3.99,
      "price_per_unit": 83.12,
      "price_unit": "l",
      "discount_tag": "2 voor 6,00",
      "promo_title": "Karvan Cévitam",
      "validity": "wo 3 t/m wo 31 dec",
      "image_url": "https://www.jumbo.com/dam-images/fit-in/360x360/Products/30112025_1764470783756_1764470790694_172158_DS_00000050157808_H1N1.png",
      "source_url": "https://www.jumbo.com/aanbiedingen/karvan-cevitam/3012067"
    },
    {
      "id": "512209FLS",
      "name": "Karvan Cévitam Citroen Original Siroop, 600 ml",
      "brand": "Karvan Cevitam",
      "category": "Frisdrank en sappen",
      "unit_size": null,
      "offer_price": 3.95,
      "normal_price": 3.95,
      "price_per_unit": 6.58,
      "price_unit": "l",
      "discount_tag": "2 voor 6,00",
      "promo_title": "Karvan Cévitam",
      "validity": "wo 3 t/m wo 31 dec",
      "image_url": "https://www.jumbo.com/dam-images/fit-in/360x360/Products/22012025_1737514823715_1737514829004_512209_FLS_08715700122441_H1N1.png",
      "source_url": "https://www.jumbo.com/aanbiedingen/karvan-cevitam/3012067"
    },
    {
      "id": "512205FLS",
      "name": "Karvan Cévitam Tropical Original Siroop, 600 ml",
      "brand": "Karvan Cevitam",
      "category": "Frisdrank en sappen",
      "unit_size": null,
      "offer_price": 4.29,
      "normal_price": 4.29,
      "price_per_unit": 7.15,
      "price_unit": "l",
      "discount_tag": "2 voor 6,00",
      "promo_title": "Karvan Cévitam",
      "validity": "wo 3 t/m wo 31 dec",
      "image_url": "https://www.jumbo.com/dam-images/fit-in/360x360/Products/25042025_1745546767873_1745546774149_512205_FLS_08715700122397_H1N1.png",
      "source_url": "https://www.jumbo.com/aanbiedingen/karvan-cevitam/3012067"
    },
    {
      "id": "606764FLS",
      "name": "Karvan Cévitam Zero Limoen en Munt Siroop 600 ml",
      "brand": "Karvan Cevitam",
      "category": "Frisdrank en sappen",
      "unit_size": null,
      "offer_price": 4.29,
      "normal_price": 4.29,
      "price_per_unit": 7.15,
      "price_unit": "l",
      "discount_tag": "2 voor 6,00",
      "promo_title": "Karvan Cévitam",
      "validity": "wo 3 t/m wo 31 dec",
      "image_url": "https://www.jumbo.com/dam-images/fit-in/360x360/Products/06082025_1754442381268_1754442387844_606764_FLS_08710395948734_H1N1.png",
      "source_url": "https://www.jumbo.com/aanbiedingen/karvan-cevitam/3012067"
    },
    {
      "id": "580153FLS",
      "name": "Karvan Cévitam Zero Multivruchten Siroop 600 ml",
      "brand": "Karvan Cevitam",
      "category": "Frisdrank en sappen",
      "unit_size": null,
      "offer_price": 4.29,
      "normal_price": 4.29,
      "price_per_unit": 7.15,
      "price_unit": "l",
      "discount_tag": "2 voor 6,00",
      "promo_title": "Karvan Cévitam",
      "validity": "wo 3 t/m wo 31 dec",
      "image_url": "https://www.jumbo.com/dam-images/fit-in/360x360/Products/19112025_1763518139382_1763518145873_580153_FLS_08710395948659_H1N1.png",
      "source_url": "https://www.jumbo.com/aanbiedingen/karvan-cevitam/3012067"
    },
    {
      "id": "512206FLS",
      "name": "Karvan Cévitam Sinaasappel Original Siroop, 600 ml",
      "brand": "Karvan Cevitam",
      "category": "Frisdrank en sappen",
      "unit_size": null,
      "offer_price": 4.29,
      "normal_price": 4.29,
      "price_per_unit": 7.15,
      "price_unit": "l",
      "discount_tag": "2 voor 6,00",
      "promo_title": "Karvan Cévitam",
      "validity": "wo 3 t/m wo 31 dec",
      "image_url": "https://www.jumbo.com/dam-images/fit-in/360x360/Products/25042025_1745546654386_1745546659723_512206_FLS_08715700122410_H1N1.png",
      "source_url": "https://www.jumbo.com/aanbiedingen/karvan-cevitam/3012067"
    },
    {
      "id": "153724BLK",
      "name": "Karvan Cévitam GO Rood Fruit Siroop, 48 ml",
      "brand": "Karvan Cevitam",
      "category": "Frisdrank en sappen",
      "unit_size": null,
      "offer_price": 3.99,
      "normal_price": 3.99,
      "price_per_unit": 83.12,
      "price_unit": "l",
      "discount_tag": "2 voor 6,00",
      "promo_title": "Karvan Cévitam",
      "validity": "wo 3 t/m wo 31 dec",
      "image_url": "https://www.jumbo.com/dam-images/fit-in/360x360/Products/30112025_1764472547078_1764472554330_153724_BLK_00000087157666_H1N1.png",
      "source_url": "https://www.jumbo.com/aanbiedingen/karvan-cevitam/3012067"
    },
    {
      "id": "512208FLS",
      "name": "Karvan Cévitam Framboos Original Siroop, 600 ml",
      "brand": "Karvan Cevitam",
      "category": "Frisdrank en sappen",
      "unit_size": null,
      "offer_price": 4.29,
      "normal_price": 4.29,
      "price_per_unit": 7.15,
      "price_unit": "l",
      "discount_tag": "2 voor 6,00",
      "promo_title": "Karvan Cévitam",
      "validity": "wo 3 t/m wo 31 dec",
      "image_url": "https://www.jumbo.com/dam-images/fit-in/360x360/Products/08082025_1754618852280_1754618859471_512208_FLS_08715700122427_H1N1.png",
      "source_url": "https://www.jumbo.com/aanbiedingen/karvan-cevitam/3012067"
    },
    {
      "id": "580154FLS",
      "name": "Karvan Cévitam Zero Cassis Siroop 600 ml",
      "brand": "Karvan Cevitam",
      "category": "Frisdrank en sappen",
      "unit_size": null,
      "offer_price": 4.29,
      "normal_price": 4.29,
      "price_per_unit": 7.15,
      "price_unit": "l",
      "discount_tag": "2 voor 6,00",
      "promo_title": "Karvan Cévitam",
      "validity": "wo 3 t/m wo 31 dec",
      "image_url": "https://www.jumbo.com/dam-images/fit-in/360x360/Products/07112025_1762481308846_1762481314604_580154_FLS_08710395948666_H1N1.png",
      "source_url": "https://www.jumbo.com/aanbiedingen/karvan-cevitam/3012067"
    },
    {
      "id": "513913FLS",
      "name": "Karvan Cévitam Aardbei Original Siroop, 600 ml",
      "brand": "Karvan Cevitam",
      "category": "Frisdrank en sappen",
      "unit_size": null,
      "offer_price": 4.29,
      "normal_price": 4.29,
      "price_per_unit": 7.15,
      "price_unit": "l",
      "discount_tag": "2 voor 6,00",
      "promo_title": "Karvan Cévitam",
      "validity": "wo 3 t/m wo 31 dec",
      "image_url": "https://www.jumbo.com/dam-images/fit-in/360x360/Products/08082025_1754616250383_1754616257406_513913_FLS_08715700122434_H1N1.png",
      "source_url": "https://www.jumbo.com/aanbiedingen/karvan-cevitam/3012067"
    },
    {
      "id": "682107FLS",
      "name": "Karvan Cévitam Refresh Zero Sinaasappel & Gember Smaak 600ML",
      "brand": "Karvan Cevitam",
      "category": "Frisdrank en sappen",
      "unit_size": null,
      "offer_price": 4.29,
      "normal_price": 4.29,
      "price_per_unit": 7.15,
      "price_unit": "l",
      "discount_tag": "2 voor 6,00",
      "promo_title": "Karvan Cévitam",
      "validity": "wo 3 t/m wo 31 dec",
      "image_url": "https://www.jumbo.com/dam-images/fit-in/360x360/Products/06082025_1754443944713_1754443950649_682107_FLS_08715700127675_H1N1.png",
      "source_url": "https://www.jumbo.com/aanbiedingen/karvan-cevitam/3012067"
    },
    {
      "id": "580139FLS",
      "name": "Karvan Cévitam Zero Framboos Siroop 600 ml",
      "brand": "Karvan Cevitam",
      "category": "Frisdrank en sappen",
      "unit_size": null,
      "offer_price": 4.29,
      "normal_price": 4.29,
      "price_per_unit": 7.15,
      "price_unit": "l",
      "discount_tag": "2 voor 6,00",
      "promo_title": "Karvan Cévitam",
      "validity": "wo 3 t/m wo 31 dec",
      "image_url": "https://www.jumbo.com/dam-images/fit-in/360x360/Products/07112025_1762482712818_1762482719613_580139_FLS_08710395948635_H1N1.png",
      "source_url": "https://www.jumbo.com/aanbiedingen/karvan-cevitam/3012067"
    },
    {
      "id": "580158FLS",
      "name": "Karvan Cévitam Zero Watermeloen & Aardbei Siroop 600 ml",
      "brand": "Karvan Cevitam",
      "category": "Frisdrank en sappen",
      "unit_size": null,
      "offer_price": 4.29,
      "normal_price": 4.29,
      "price_per_unit": 7.15,
      "price_unit": "l",
      "discount_tag": "2 voor 6,00",
      "promo_title": "Karvan Cévitam",
      "validity": "wo 3 t/m wo 31 dec",
      "image_url": "https://www.jumbo.com/dam-images/fit-in/360x360/Products/19112025_1763518058270_1763518064789_580158_FLS_08710395948772_H1N1.png",
      "source_url": "https://www.jumbo.com/aanbiedingen/karvan-cevitam/3012067"
    },
    {
      "id": "153720BLK",
      "name": "Karvan Cévitam GO Cactus Limoen Siroop, 48 ml",
      "brand": "Karvan Cevitam",
      "category": "Frisdrank en sappen",
      "unit_size": null,
      "offer_price": 3.99,
      "normal_price": 3.99,
      "price_per_unit": 83.12,
      "price_unit": "l",
      "discount_tag": "2 voor 6,00",
      "promo_title": "Karvan Cévitam",
      "validity": "wo 3 t/m wo 31 dec",
      "image_url": "https://www.jumbo.com/dam-images/fit-in/360x360/Products/06042025_1743901466929_1743901475325_153720_BLK_00000087157499_A1N1.png",
      "source_url": "https://www.jumbo.com/aanbiedingen/karvan-cevitam/3012067"
    },
    {
      "id": "580150FLS",
      "name": "Karvan Cévitam Zero Bosvruchten Siroop 600 ml",
      "brand": "Karvan Cevitam",
      "category": "Frisdrank en sappen",
      "unit_size": null,
      "offer_price": 4.29,
      "normal_price": 4.29,
      "price_per_unit": 7.15,
      "price_unit": "l",
      "discount_tag": "2 voor 6,00",
      "promo_title": "Karvan Cévitam",
      "validity": "wo 3 t/m wo 31 dec",
      "image_url": "https://www.jumbo.com/dam-images/fit-in/360x360/Products/19112025_1763520142052_1763520148635_580150_FLS_08710395948642_H1N1.png",
      "source_url": "https://www.jumbo.com/aanbiedingen/karvan-cevitam/3012067"
    },
    {
      "id": "153726BLK",
      "name": "Karvan Cévitam GO Aardbei Siroop, 48 ml",
      "brand": "Karvan Cevitam",
      "category": "Frisdrank en sappen",
      "unit_size": null,
      "offer_price": 3.99,
      "normal_price": 3.99,
      "price_per_unit": 83.12,
      "price_unit": "l",
      "discount_tag": "2 voor 6,00",
      "promo_title": "Karvan Cévitam",
      "validity": "wo 3 t/m wo 31 dec",
      "image_url": "https://www.jumbo.com/dam-images/fit-in/360x360/Products/17042025_1744856648160_1744856656223_153726_BLK_00000087157673_H1N1.png",
      "source_url": "https://www.jumbo.com/aanbiedingen/karvan-cevitam/3012067"
    },
    {
      "id": "580156FLS",
      "name": "Karvan Cévitam Zero Citroen Siroop 600 ml",
      "brand": "Karvan Cevitam",
      "category": "Frisdrank en sappen",
      "unit_size": null,
      "offer_price": 4.29,
      "normal_price": 4.29,
      "price_per_unit": 7.15,
      "price_unit": "l",
      "discount_tag": "2 voor 6,00",
      "promo_title": "Karvan Cévitam",
      "validity": "wo 3 t/m wo 31 dec",
      "image_url": "https://www.jumbo.com/dam-images/fit-in/360x360/Products/03122025_1764727506324_1764727512542_580156_FLS_08710395948680_H1N1.png",
      "source_url": "https://www.jumbo.com/aanbiedingen/karvan-cevitam/3012067"
    },
    {
      "id": "512221FLS",
      "name": "Karvan Cévitam Cassis Original Siroop, 600 ml",
      "brand": "Karvan Cevitam",
      "category": "Frisdrank en sappen",
      "unit_size": null,
      "offer_price": 4.29,
      "normal_price": 4.29,
      "price_per_unit": 7.15,
      "price_unit": "l",
      "discount_tag": "2 voor 6,00",
      "promo_title": "Karvan Cévitam",
      "validity": "wo 3 t/m wo 31 dec",
      "image_url": "https://www.jumbo.com/dam-images/fit-in/360x360/Products/19112025_1763541623713_1763541629504_512221_FLS_08715700122472_H1N1.png",
      "source_url": "https://www.jumbo.com/aanbiedingen/karvan-cevitam/3012067"
    },
    {
      "id": "580159FLS",
      "name": "Karvan Cévitam Zero Aardbei Siroop 600 ml",
      "brand": "Karvan Cevitam",
      "category": "Frisdrank en sappen",
      "unit_size": null,
      "offer_price": 4.29,
      "normal_price": 4.29,
      "price_per_unit": 7.15,
      "price_unit": "l",
      "discount_tag": "2 voor 6,00",
      "promo_title": "Karvan Cévitam",
      "validity": "wo 3 t/m wo 31 dec",
      "image_url": "https://www.jumbo.com/dam-images/fit-in/360x360/Products/19112025_1763517887355_1763517894176_580159_FLS_08710395948628_H1N1.png",
      "source_url": "https://www.jumbo.com/aanbiedingen/karvan-cevitam/3012067"
    },
    {
      "id": "514109BLK",
      "name": "Karvan Cévitam Grenadine Original Siroop, 600 ml",
      "brand": "Karvan Cevitam",
      "category": "Frisdrank en sappen",
      "unit_size": null,
      "offer_price": 4.29,
      "normal_price": 4.29,
      "price_per_unit": 7.15,
      "price_unit": "l",
      "discount_tag": "2 voor 6,00",
      "promo_title": "Karvan Cévitam",
      "validity": "wo 3 t/m wo 31 dec",
      "image_url": "https://www.jumbo.com/dam-images/fit-in/360x360/Products/19112025_1763531793139_1763531799487_514109_BLK_08715700122458_H1N1.png",
      "source_url": "https://www.jumbo.com/aanbiedingen/karvan-cevitam/3012067"
    },
    {
      "id": "514112FLS",
      "name": "Karvan Cévitam Ice Tea Peach Original Siroop, 600 ml",
      "brand": "Karvan Cevitam",
      "category": "Frisdrank en sappen",
      "unit_size": null,
      "offer_price": 4.29,
      "normal_price": 4.29,
      "price_per_unit": 7.15,
      "price_unit": "l",
      "discount_tag": "2 voor 6,00",
      "promo_title": "Karvan Cévitam",
      "validity": "wo 3 t/m wo 31 dec",
      "image_url": "https://www.jumbo.com/dam-images/fit-in/360x360/Products/30112025_1764469758384_1764469764184_514112_FLS_08715700122489_H1N1.png",
      "source_url": "https://www.jumbo.com/aanbiedingen/karvan-cevitam/3012067"
    },
    {
      "id": "580157FLS",
      "name": "Karvan Cévitam Zero Grenadine Siroop 600 ml",
      "brand": "Karvan Cevitam",
      "category": "Frisdrank en sappen",
      "unit_size": null,
      "offer_price": 4.29,
      "normal_price": 4.29,
      "price_per_unit": 7.15,
      "price_unit": "l",
      "discount_tag": "2 voor 6,00",
      "promo_title": "Karvan Cévitam",
      "validity": "wo 3 t/m wo 31 dec",
      "image_url": "https://www.jumbo.com/dam-images/fit-in/360x360/Products/02122025_1764641217067_1764641223766_580157_FLS_08710395948697_H1N1.png",
      "source_url": "https://www.jumbo.com/aanbiedingen/karvan-cevitam/3012067"
    },
    {
      "id": "580155FLS",
      "name": "Karvan Cévitam Zero Kers Siroop 600 ml",
      "brand": "Karvan Cevitam",
      "category": "Frisdrank en sappen",
      "unit_size": null,
      "offer_price": 4.29,
      "normal_price": 4.29,
      "price_per_unit": 7.15,
      "price_unit": "l",
      "discount_tag": "2 voor 6,00",
      "promo_title": "Karvan Cévitam",
      "validity": "wo 3 t/m wo 31 dec",
      "image_url": "https://www.jumbo.com/dam-images/fit-in/360x360/Products/23082024_1724375717968_1724375724166_580155_FLS_08710395948673_H1N1.png",
      "source_url": "https://www.jumbo.com/aanbiedingen/karvan-cevitam/3012067"
    },
    {
      "id": "553435FLS",
      "name": "Sprite Zero Sugar Lemon-Lime 1,5 L",
      "brand": "Sprite",
      "category": "Frisdrank en sappen",
      "unit_size": "1.5 L",
      "offer_price": 2.75,
      "normal_price": 2.75,
      "price_per_unit": 1.83,
      "price_unit": "l",
      "discount_tag": "2 voor 4,00",
      "promo_title": "Fanta, Sprite of Fernandes",
      "validity": "wo 10 t/m di 16 dec",
      "image_url": "https://www.jumbo.com/dam-images/fit-in/360x360/Products/30032024_1711769960951_1711769965761_553435_FLS_05000112605136_H1N1.png",
      "source_url": "https://www.jumbo.com/aanbiedingen/fanta-sprite-of-fernandes/3013008"
    },
    {
      "id": "530017FLS",
      "name": "Cherry Bouquet Zero Sugar 1,5L",
      "brand": "Fernandes",
      "category": "Frisdrank en sappen",
      "unit_size": "1.5 L",
      "offer_price": 2.99,
      "normal_price": 2.99,
      "price_per_unit": 1.99,
      "price_unit": "l",
      "discount_tag": "2 voor 4,00",
      "promo_title": "Fanta, Sprite of Fernandes",
      "validity": "wo 10 t/m di 16 dec",
      "image_url": "https://www.jumbo.com/dam-images/fit-in/360x360/Products/04072024_1720064558869_1720064563691_530017_FLS_08710642037730_H1N1.png",
      "source_url": "https://www.jumbo.com/aanbiedingen/fanta-sprite-of-fernandes/3013008"
    },
    {
      "id": "646796FLS",
      "name": "Sprite Lemon-Lime 1,5 L",
      "brand": "Sprite",
      "category": "Frisdrank en sappen",
      "unit_size": "1.5 L",
      "offer_price": 2.89,
      "normal_price": 2.89,
      "price_per_unit": 1.93,
      "price_unit": "l",
      "discount_tag": "2 voor 4,00",
      "promo_title": "Fanta, Sprite of Fernandes",
      "validity": "wo 10 t/m di 16 dec",
      "image_url": "https://www.jumbo.com/dam-images/fit-in/360x360/Products/23082024_1724386671266_1724386676054_646796_FLS_05000112674972_H1N1.png",
      "source_url": "https://www.jumbo.com/aanbiedingen/fanta-sprite-of-fernandes/3013008"
    },
    {
      "id": "434163FLS",
      "name": "Fanta Pomelo zero sugar 1,5 L",
      "brand": "Fanta",
      "category": "Frisdrank en sappen",
      "unit_size": "1.5 L",
      "offer_price": 2.85,
      "normal_price": 2.85,
      "price_per_unit": 1.9,
      "price_unit": "l",
      "discount_tag": "2 voor 4,00",
      "promo_title": "Fanta, Sprite of Fernandes",
      "validity": "wo 10 t/m di 16 dec",
      "image_url": "https://www.jumbo.com/dam-images/fit-in/360x360/Products/12012024_1705029341152_1705029343682_434163_FLS_05000112646276_C1N1.png",
      "source_url": "https://www.jumbo.com/aanbiedingen/fanta-sprite-of-fernandes/3013008"
    },
    {
      "id": "428444FLS",
      "name": "Fernandes Green Punch 1,5L",
      "brand": "Fernandes",
      "category": "Frisdrank en sappen",
      "unit_size": "1.5 L",
      "offer_price": 2.99,
      "normal_price": 2.99,
      "price_per_unit": 1.99,
      "price_unit": "l",
      "discount_tag": "2 voor 4,00",
      "promo_title": "Fanta, Sprite of Fernandes",
      "validity": "wo 10 t/m di 16 dec",
      "image_url": "https://www.jumbo.com/dam-images/fit-in/360x360/Products/21022024_1708522628511_1708522631136_8710642036016_1.png",
      "source_url": "https://www.jumbo.com/aanbiedingen/fanta-sprite-of-fernandes/3013008"
    },
    {
      "id": "428557FLS",
      "name": "Fanta Lemon zero sugar 1,5 L",
      "brand": "Fanta",
      "category": "Frisdrank en sappen",
      "unit_size": "1.5 L",
      "offer_price": 2.85,
      "normal_price": 2.85,
      "price_per_unit": 1.9,
      "price_unit": "l",
      "discount_tag": "2 voor 4,00",
      "promo_title": "Fanta, Sprite of Fernandes",
      "validity": "wo 10 t/m di 16 dec",
      "image_url": "https://www.jumbo.com/dam-images/fit-in/360x360/Products/12012024_1705027909631_1705027913993_428557_FLS_05000112646238_H1N1.png",
      "source_url": "https://www.jumbo.com/aanbiedingen/fanta-sprite-of-fernandes/3013008"
    },
    {
      "id": "428446FLS",
      "name": "Fanta Cassis 1,5 L",
      "brand": "Fanta",
      "category": "Frisdrank en sappen",
      "unit_size": "1.5 L",
      "offer_price": 2.85,
      "normal_price": 2.85,
      "price_per_unit": 1.9,
      "price_unit": "l",
      "discount_tag": "2 voor 4,00",
      "promo_title": "Fanta, Sprite of Fernandes",
      "validity": "wo 10 t/m di 16 dec",
      "image_url": "https://www.jumbo.com/dam-images/fit-in/360x360/Products/24082023_1692843258097_1692843261320_428446_FLS_05000112646313_H1N1.png",
      "source_url": "https://www.jumbo.com/aanbiedingen/fanta-sprite-of-fernandes/3013008"
    },
    {
      "id": "428556FLS",
      "name": "Fanta Exotic zero sugar 1,5 L",
      "brand": "Fanta",
      "category": "Frisdrank en sappen",
      "unit_size": "1.5 L",
      "offer_price": 2.85,
      "normal_price": 2.85,
      "price_per_unit": 1.9,
      "price_unit": "l",
      "discount_tag": "2 voor 4,00",
      "promo_title": "Fanta, Sprite of Fernandes",
      "validity": "wo 10 t/m di 16 dec",
      "image_url": "https://www.jumbo.com/dam-images/fit-in/360x360/Products/14082025_1755138321739_1755138328036_428556_FLS_05000112646252_H1N1.png",
      "source_url": "https://www.jumbo.com/aanbiedingen/fanta-sprite-of-fernandes/3013008"
    },
    {
      "id": "428481FLS",
      "name": "Fernandes Cherry Bouquet 1,5L",
      "brand": "Fernandes",
      "category": "Frisdrank en sappen",
      "unit_size": "1.5 L",
      "offer_price": 2.99,
      "normal_price": 2.99,
      "price_per_unit": 1.99,
      "price_unit": "l",
      "discount_tag": "2 voor 4,00",
      "promo_title": "Fanta, Sprite of Fernandes",
      "validity": "wo 10 t/m di 16 dec",
      "image_url": "https://www.jumbo.com/dam-images/fit-in/360x360/Products/21022024_1708522628575_1708522631296_8710642035989_1.png",
      "source_url": "https://www.jumbo.com/aanbiedingen/fanta-sprite-of-fernandes/3013008"
    },
    {
      "id": "428478FLS",
      "name": "Fanta Orange 1,5 L",
      "brand": "Fanta",
      "category": "Frisdrank en sappen",
      "unit_size": "1.5 L",
      "offer_price": 2.75,
      "normal_price": 2.75,
      "price_per_unit": 1.83,
      "price_unit": "l",
      "discount_tag": "2 voor 4,00",
      "promo_title": "Fanta, Sprite of Fernandes",
      "validity": "wo 10 t/m di 16 dec",
      "image_url": "https://www.jumbo.com/dam-images/fit-in/360x360/Products/14082025_1755137528425_1755137533311_428478_FLS_05000112646115_H1N1.png",
      "source_url": "https://www.jumbo.com/aanbiedingen/fanta-sprite-of-fernandes/3013008"
    },
    {
      "id": "428550FLS",
      "name": "Fanta Orange zero sugar 1,5 L ",
      "brand": "Fanta",
      "category": "Frisdrank en sappen",
      "unit_size": "1.5 L",
      "offer_price": 2.75,
      "normal_price": 2.75,
      "price_per_unit": 1.83,
      "price_unit": "l",
      "discount_tag": "2 voor 4,00",
      "promo_title": "Fanta, Sprite of Fernandes",
      "validity": "wo 10 t/m di 16 dec",
      "image_url": "https://www.jumbo.com/dam-images/fit-in/360x360/Products/08052025_1746666891219_1746666897019_428550_FLS_05000112646184_H1N1.png",
      "source_url": "https://www.jumbo.com/aanbiedingen/fanta-sprite-of-fernandes/3013008"
    },
    {
      "id": "428445FLS",
      "name": "Fernandes Super Pineapple 1,5L",
      "brand": "Fernandes",
      "category": "Frisdrank en sappen",
      "unit_size": "1.5 L",
      "offer_price": 2.99,
      "normal_price": 2.99,
      "price_per_unit": 1.99,
      "price_unit": "l",
      "discount_tag": "2 voor 4,00",
      "promo_title": "Fanta, Sprite of Fernandes",
      "validity": "wo 10 t/m di 16 dec",
      "image_url": "https://www.jumbo.com/dam-images/fit-in/360x360/Products/21022024_1708511821211_1708511823768_8710642036047_1.png",
      "source_url": "https://www.jumbo.com/aanbiedingen/fanta-sprite-of-fernandes/3013008"
    },
    {
      "id": "428418FLS",
      "name": "Coca-Cola Light 1,5 L",
      "brand": "Coca-Cola",
      "category": "Frisdrank en sappen",
      "unit_size": "1.5 L",
      "offer_price": 2.89,
      "normal_price": 2.89,
      "price_per_unit": 1.93,
      "price_unit": "l",
      "discount_tag": "Gratis set kerstkaarten",
      "promo_title": "Gratis set kerstkaarten bij aankoop van 3 Coca-Cola 1,5 liter flessen",
      "validity": "wo 3 t/m wo 31 dec",
      "image_url": "https://www.jumbo.com/dam-images/fit-in/360x360/Products/19082023_1692410184380_1692410187191_428418_FLS_05000112646900_H1N1.png",
      "source_url": "https://www.jumbo.com/aanbiedingen/gratis-set-kerstkaarten-bij-aankoop-van-3-coca-cola-1-5-liter-flessen/3012684"
    },
    {
      "id": "608116FLS",
      "name": "Coca-Cola Vanilla Frisdrank 1,5 L",
      "brand": "Coca-Cola",
      "category": "Frisdrank en sappen",
      "unit_size": "1.5 L",
      "offer_price": 2.99,
      "normal_price": 2.99,
      "price_per_unit": 1.99,
      "price_unit": "l",
      "discount_tag": "Gratis set kerstkaarten",
      "promo_title": "Gratis set kerstkaarten bij aankoop van 3 Coca-Cola 1,5 liter flessen",
      "validity": "wo 3 t/m wo 31 dec",
      "image_url": "https://www.jumbo.com/dam-images/fit-in/360x360/Products/03122025_1764733584782_1764733590602_608116_FLS_05000112668292_H1N1.png",
      "source_url": "https://www.jumbo.com/aanbiedingen/gratis-set-kerstkaarten-bij-aankoop-van-3-coca-cola-1-5-liter-flessen/3012684"
    },
    {
      "id": "608118FLS",
      "name": "Coca-Cola Zero Sugar Vanilla Frisdrank 1,5 L",
      "brand": "Coca-Cola",
      "category": "Frisdrank en sappen",
      "unit_size": "1.5 L",
      "offer_price": 2.99,
      "normal_price": 2.99,
      "price_per_unit": 1.99,
      "price_unit": "l",
      "discount_tag": "Gratis set kerstkaarten",
      "promo_title": "Gratis set kerstkaarten bij aankoop van 3 Coca-Cola 1,5 liter flessen",
      "validity": "wo 3 t/m wo 31 dec",
      "image_url": "https://www.jumbo.com/dam-images/fit-in/360x360/Products/09122025_1765247083242_1765247089678_608118_FLS_05000112668315_H1N1.png",
      "source_url": "https://www.jumbo.com/aanbiedingen/gratis-set-kerstkaarten-bij-aankoop-van-3-coca-cola-1-5-liter-flessen/3012684"
    },
    {
      "id": "608117FLS",
      "name": "Coca-Cola Cherry 1,5L",
      "brand": "Coca-Cola",
      "category": "Frisdrank en sappen",
      "unit_size": "1.5 L",
      "offer_price": 2.99,
      "normal_price": 2.99,
      "price_per_unit": 1.99,
      "price_unit": "l",
      "discount_tag": "Gratis set kerstkaarten",
      "promo_title": "Gratis set kerstkaarten bij aankoop van 3 Coca-Cola 1,5 liter flessen",
      "validity": "wo 3 t/m wo 31 dec",
      "image_url": "https://www.jumbo.com/dam-images/fit-in/360x360/Products/03122025_1764733593159_1764733598890_608117_FLS_05000112668254_H1N1.png",
      "source_url": "https://www.jumbo.com/aanbiedingen/gratis-set-kerstkaarten-bij-aankoop-van-3-coca-cola-1-5-liter-flessen/3012684"
    },
    {
      "id": "428483FLS",
      "name": "Coca-Cola Original Taste 1,5 L",
      "brand": "Coca-Cola",
      "category": "Frisdrank en sappen",
      "unit_size": "1.5 L",
      "offer_price": 2.89,
      "normal_price": 2.89,
      "price_per_unit": 1.93,
      "price_unit": "l",
      "discount_tag": "Gratis set kerstkaarten",
      "promo_title": "Gratis set kerstkaarten bij aankoop van 3 Coca-Cola 1,5 liter flessen",
      "validity": "wo 3 t/m wo 31 dec",
      "image_url": "https://www.jumbo.com/dam-images/fit-in/360x360/Products/03122025_1764732151133_1764732157319_428483_FLS_05000112646627_H1N1.png",
      "source_url": "https://www.jumbo.com/aanbiedingen/gratis-set-kerstkaarten-bij-aankoop-van-3-coca-cola-1-5-liter-flessen/3012684"
    },
    {
      "id": "428559FLS",
      "name": "Coca-Cola Zero Sugar Zero Cafeïne 1,5 L ",
      "brand": "Coca-Cola",
      "category": "Frisdrank en sappen",
      "unit_size": "1.5 L",
      "offer_price": 2.89,
      "normal_price": 2.89,
      "price_per_unit": 1.93,
      "price_unit": "l",
      "discount_tag": "Gratis set kerstkaarten",
      "promo_title": "Gratis set kerstkaarten bij aankoop van 3 Coca-Cola 1,5 liter flessen",
      "validity": "wo 3 t/m wo 31 dec",
      "image_url": "https://www.jumbo.com/dam-images/fit-in/360x360/Products/03122025_1764732909213_1764732918797_428559_FLS_05000112646948_H1N1.png",
      "source_url": "https://www.jumbo.com/aanbiedingen/gratis-set-kerstkaarten-bij-aankoop-van-3-coca-cola-1-5-liter-flessen/3012684"
    },
    {
      "id": "608130FLS",
      "name": "Coca-Cola Zero Sugar Cherry Frisdrank 1,5 L",
      "brand": "Coca-Cola",
      "category": "Frisdrank en sappen",
      "unit_size": "1.5 L",
      "offer_price": 2.99,
      "normal_price": 2.99,
      "price_per_unit": 1.99,
      "price_unit": "l",
      "discount_tag": "Gratis set kerstkaarten",
      "promo_title": "Gratis set kerstkaarten bij aankoop van 3 Coca-Cola 1,5 liter flessen",
      "validity": "wo 3 t/m wo 31 dec",
      "image_url": "https://www.jumbo.com/dam-images/fit-in/360x360/Products/03122025_1764732783778_1764732790543_608130_FLS_05000112668278_H1N1.png",
      "source_url": "https://www.jumbo.com/aanbiedingen/gratis-set-kerstkaarten-bij-aankoop-van-3-coca-cola-1-5-liter-flessen/3012684"
    },
    {
      "id": "429181FLS",
      "name": "Coca-Cola Zero Sugar 1,5 L",
      "brand": "Coca-Cola",
      "category": "Frisdrank en sappen",
      "unit_size": "1.5 L",
      "offer_price": 2.89,
      "normal_price": 2.89,
      "price_per_unit": 1.93,
      "price_unit": "l",
      "discount_tag": "Gratis set kerstkaarten",
      "promo_title": "Gratis set kerstkaarten bij aankoop van 3 Coca-Cola 1,5 liter flessen",
      "validity": "wo 3 t/m wo 31 dec",
      "image_url": "https://www.jumbo.com/dam-images/fit-in/360x360/Products/03122025_1764727473506_1764727480632_429181_FLS_05000112646719_H1N1.png",
      "source_url": "https://www.jumbo.com/aanbiedingen/gratis-set-kerstkaarten-bij-aankoop-van-3-coca-cola-1-5-liter-flessen/3012684"
    },
    {
      "id": "538728TRL",
      "name": "Red Bull Energy Drink Tray - 24 x 250ml",
      "brand": "Red Bull",
      "category": "Frisdrank en sappen",
      "unit_size": "24 x 250 ml",
      "offer_price": 29.99,
      "normal_price": 34.95,
      "price_per_unit": 5.0,
      "price_unit": "l",
      "discount_tag": "voor 29,99",
      "promo_title": "Red Bull trays",
      "validity": "wo 3 t/m wo 31 dec",
      "image_url": "https://www.jumbo.com/dam-images/fit-in/360x360/Products/06052024_1714991590256_1714991595824_9002490259143_1.png",
      "source_url": "https://www.jumbo.com/aanbiedingen/red-bull-trays/3012277"
    },
    {
      "id": "539113TRL",
      "name": "Red Bull Energy Drink Zero Tray - 24 x 250ml",
      "brand": "Red Bull",
      "category": "Frisdrank en sappen",
      "unit_size": "24 x 250 ml",
      "offer_price": 29.99,
      "normal_price": 34.95,
      "price_per_unit": 5.0,
      "price_unit": "l",
      "discount_tag": "voor 29,99",
      "promo_title": "Red Bull trays",
      "validity": "wo 3 t/m wo 31 dec",
      "image_url": "https://www.jumbo.com/dam-images/fit-in/360x360/Products/09012025_1736433168756_1736433175164_9002490259136_1.png",
      "source_url": "https://www.jumbo.com/aanbiedingen/red-bull-trays/3012277"
    },
    {
      "id": "537671DSL",
      "name": "Red Bull Energy Drink Suikervrij Tray - 24 x 250ml",
      "brand": "Red Bull",
      "category": "Frisdrank en sappen",
      "unit_size": "24 x 250 ml",
      "offer_price": 29.99,
      "normal_price": 34.95,
      "price_per_unit": 5.0,
      "price_unit": "l",
      "discount_tag": "voor 29,99",
      "promo_title": "Red Bull trays",
      "validity": "wo 3 t/m wo 31 dec",
      "image_url": "https://www.jumbo.com/dam-images/fit-in/360x360/Products/22032024_1711121826565_1711121832828_9002490259204_1.png",
      "source_url": "https://www.jumbo.com/aanbiedingen/red-bull-trays/3012277"
    },
    {
      "id": "431091DSL",
      "name": "Spa TOUCH Bruisend Grapefruit 6 x 50 cl",
      "brand": "Spa",
      "category": "Frisdrank en sappen",
      "unit_size": "6 x 50 cl",
      "offer_price": 4.99,
      "normal_price": 7.19,
      "price_per_unit": 1.66,
      "price_unit": "l",
      "discount_tag": "voor 4,99",
      "promo_title": "Spa Touch",
      "validity": "wo 3 t/m wo 31 dec",
      "image_url": "https://www.jumbo.com/dam-images/fit-in/360x360/Products/16082023_1692178383825_1692178389545_5410013154433_1.png",
      "source_url": "https://www.jumbo.com/aanbiedingen/spa-touch/3012294"
    },
    {
      "id": "431083DSL",
      "name": "Spa Touch Bruisend Lemon 6 x 50 cl",
      "brand": "Spa",
      "category": "Frisdrank en sappen",
      "unit_size": "6 x 50 cl",
      "offer_price": 4.99,
      "normal_price": 7.39,
      "price_per_unit": 1.66,
      "price_unit": "l",
      "discount_tag": "voor 4,99",
      "promo_title": "Spa Touch",
      "validity": "wo 3 t/m wo 31 dec",
      "image_url": "https://www.jumbo.com/dam-images/fit-in/360x360/Products/16082023_1692178383807_1692178389737_5410013194019_1.png",
      "source_url": "https://www.jumbo.com/aanbiedingen/spa-touch/3012294"
    },
    {
      "id": "431089DSL",
      "name": "Spa TOUCH Bruisend Blackcurrant 6 x 50 cl",
      "brand": "Spa",
      "category": "Frisdrank en sappen",
      "unit_size": "6 x 50 cl",
      "offer_price": 4.99,
      "normal_price": 7.09,
      "price_per_unit": 1.66,
      "price_unit": "l",
      "discount_tag": "voor 4,99",
      "promo_title": "Spa Touch",
      "validity": "wo 3 t/m wo 31 dec",
      "image_url": "https://www.jumbo.com/dam-images/fit-in/360x360/Products/19122023_1703000111395_1703000115214_5410013154815_1.png",
      "source_url": "https://www.jumbo.com/aanbiedingen/spa-touch/3012294"
    },
    {
      "id": "431096DSL",
      "name": "SPA TOUCH Bruisend Watermelon Kiwi 6 x 50cl",
      "brand": "Spa",
      "category": "Frisdrank en sappen",
      "unit_size": "6 x 50 cl",
      "offer_price": 4.99,
      "normal_price": 7.39,
      "price_per_unit": 1.66,
      "price_unit": "l",
      "discount_tag": "voor 4,99",
      "promo_title": "Spa Touch",
      "validity": "wo 3 t/m wo 31 dec",
      "image_url": "https://www.jumbo.com/dam-images/fit-in/360x360/Products/12042024_1712910907999_1712910913543_5410013163732_1.png",
      "source_url": "https://www.jumbo.com/aanbiedingen/spa-touch/3012294"
    },
    {
      "id": "649776FLS",
      "name": "Nero Oro - Primitivo - Alcoholvrij 0,0% - 750ML",
      "brand": "Nero Oro",
      "category": "Bier en wijn",
      "unit_size": "75 cl",
      "offer_price": 4.49,
      "normal_price": 5.99,
      "price_per_unit": 5.99,
      "price_unit": "l",
      "discount_tag": "voor 4,49",
      "promo_title": "Nero Oro alcoholvrij",
      "validity": "wo 3 t/m wo 31 dec",
      "image_url": "https://www.jumbo.com/dam-images/fit-in/360x360/Products/28112024_1732807996878_1732808000196_8034115197944_1.png",
      "source_url": "https://www.jumbo.com/aanbiedingen/nero-oro-alcoholvrij/3011973"
    },
    {
      "id": "649658FLS",
      "name": "Nero Oro - Pinot Grigio - Alcoholvrij 0,0 - 750ML",
      "brand": "Nero Oro",
      "category": "Bier en wijn",
      "unit_size": "75 cl",
      "offer_price": 4.49,
      "normal_price": 5.99,
      "price_per_unit": 5.99,
      "price_unit": "l",
      "discount_tag": "voor 4,49",
      "promo_title": "Nero Oro alcoholvrij",
      "validity": "wo 3 t/m wo 31 dec",
      "image_url": "https://www.jumbo.com/dam-images/fit-in/360x360/Products/28112024_1732807996777_1732808000159_8034115197968_1.png",
      "source_url": "https://www.jumbo.com/aanbiedingen/nero-oro-alcoholvrij/3011973"
    },
    {
      "id": "719159FLS",
      "name": "Christkindl Glühwein 1 L",
      "brand": "Christkindl",
      "category": "Bier en wijn",
      "unit_size": "1 L",
      "offer_price": 2.99,
      "normal_price": 2.99,
      "price_per_unit": 2.99,
      "price_unit": "l",
      "discount_tag": "2 voor 5,00",
      "promo_title": "Gluhwein",
      "validity": "wo 10 t/m di 16 dec",
      "image_url": "https://www.jumbo.com/dam-images/fit-in/360x360/Products/23102025_1761222776003_1761222781933_4040626078232_1.png",
      "source_url": "https://www.jumbo.com/aanbiedingen/gluhwein/3012197"
    },
    {
      "id": "165428FLS",
      "name": "Glühwein - 1L",
      "brand": "Siebrand",
      "category": "Bier en wijn",
      "unit_size": "1 L",
      "offer_price": 2.73,
      "normal_price": 2.73,
      "price_per_unit": 2.73,
      "price_unit": "l",
      "discount_tag": "2 voor 5,00",
      "promo_title": "Gluhwein",
      "validity": "wo 10 t/m di 16 dec",
      "image_url": "https://www.jumbo.com/dam-images/fit-in/360x360/Products/10082023_1691674930678_1691674952983_8710102333334_1.png",
      "source_url": "https://www.jumbo.com/aanbiedingen/gluhwein/3012197"
    },
    {
      "id": "669562KRT",
      "name": "Hertog Jan 0.0% Alcoholvrij Bier - Krat - 24 x 300ML",
      "brand": "Hertog Jan",
      "category": "Bier en wijn",
      "unit_size": null,
      "offer_price": 19.69,
      "normal_price": 19.69,
      "price_per_unit": 2.73,
      "price_unit": "l",
      "discount_tag": "1+1 gratis",
      "promo_title": "Alcoholvrije bieren van Leffe, Hertog Jan of Corona",
      "validity": "wo 10 t/m di 16 dec",
      "image_url": "https://www.jumbo.com/dam-images/fit-in/360x360/Products/HertogJan0-1742898386552.png",
      "source_url": "https://www.jumbo.com/aanbiedingen/alcoholvrije-bieren-van-leffe-hertog-jan-of-corona/3012995"
    },
    {
      "id": "535669PAK",
      "name": "Hertog Jan Alcoholvrij Bier Blikken 6 x 33 cl",
      "brand": "Hertog Jan",
      "category": "Bier en wijn",
      "unit_size": "6 x 33 cl",
      "offer_price": 5.99,
      "normal_price": 5.99,
      "price_per_unit": 3.03,
      "price_unit": "l",
      "discount_tag": "1+1 gratis",
      "promo_title": "Alcoholvrije bieren van Leffe, Hertog Jan of Corona",
      "validity": "wo 10 t/m di 16 dec",
      "image_url": "https://www.jumbo.com/dam-images/fit-in/360x360/Products/12112025_1762968826031_1762968833234_8725000660161_1.png",
      "source_url": "https://www.jumbo.com/aanbiedingen/alcoholvrije-bieren-van-leffe-hertog-jan-of-corona/3012995"
    },
    {
      "id": "538300PAK",
      "name": "Leffe Blond 0,0% Alc. Belgisch Abdijbier Blikken 6 x 33 cl",
      "brand": "Leffe",
      "category": "Bier en wijn",
      "unit_size": "6 x 33 cl",
      "offer_price": 8.49,
      "normal_price": 8.49,
      "price_per_unit": 4.29,
      "price_unit": "l",
      "discount_tag": "1+1 gratis",
      "promo_title": "Alcoholvrije bieren van Leffe, Hertog Jan of Corona",
      "validity": "wo 10 t/m di 16 dec",
      "image_url": "https://www.jumbo.com/dam-images/fit-in/360x360/Products/12122025_1765501270331_1765501282117_5410228304999_596.png",
      "source_url": "https://www.jumbo.com/aanbiedingen/alcoholvrije-bieren-van-leffe-hertog-jan-of-corona/3012995"
    },
    {
      "id": "476043DS",
      "name": "Corona - Cero - 0.0% Alcoholvrij - Fles - 6 x 330ML",
      "brand": "Corona",
      "category": "Bier en wijn",
      "unit_size": null,
      "offer_price": 8.99,
      "normal_price": 8.99,
      "price_per_unit": 4.54,
      "price_unit": "l",
      "discount_tag": "1+1 gratis",
      "promo_title": "Alcoholvrije bieren van Leffe, Hertog Jan of Corona",
      "validity": "wo 10 t/m di 16 dec",
      "image_url": "https://www.jumbo.com/dam-images/fit-in/360x360/Products/Simplification25CORCeroPackBot6x33clORI2D269f31f3-bdfc-4ec8-9fce-c50ab4eeec9f-1723473837335.png",
      "source_url": "https://www.jumbo.com/aanbiedingen/alcoholvrije-bieren-van-leffe-hertog-jan-of-corona/3012995"
    },
    {
      "id": "669471DS",
      "name": "Corona Cero 0.0% Alc./Vol. Bier Blik 330 ml",
      "brand": "Corona",
      "category": "Bier en wijn",
      "unit_size": "330 ml",
      "offer_price": 5.69,
      "normal_price": 5.69,
      "price_per_unit": 4.31,
      "price_unit": "l",
      "discount_tag": "1+1 gratis",
      "promo_title": "Alcoholvrije bieren van Leffe, Hertog Jan of Corona",
      "validity": "wo 10 t/m di 16 dec",
      "image_url": "https://www.jumbo.com/dam-images/fit-in/360x360/Products/01122025_1764610372962_1764610378427_5410228327264_1.png",
      "source_url": "https://www.jumbo.com/aanbiedingen/alcoholvrije-bieren-van-leffe-hertog-jan-of-corona/3012995"
    },
    {
      "id": "361024PAK",
      "name": "Hertog Jan - 0.0% Alcoholvrij - Fles - 6 x 300ML",
      "brand": "Hertog Jan",
      "category": "Bier en wijn",
      "unit_size": null,
      "offer_price": 4.79,
      "normal_price": 4.79,
      "price_per_unit": 2.66,
      "price_unit": "l",
      "discount_tag": "1+1 gratis",
      "promo_title": "Alcoholvrije bieren van Leffe, Hertog Jan of Corona",
      "validity": "wo 10 t/m di 16 dec",
      "image_url": "https://www.jumbo.com/dam-images/fit-in/360x360/Products/21022025_1740111997376_1740112008014_361024_PAK_08725000654269_H1N1.png",
      "source_url": "https://www.jumbo.com/aanbiedingen/alcoholvrije-bieren-van-leffe-hertog-jan-of-corona/3012995"
    },
    {
      "id": "434140PAK",
      "name": "Leffe - Bruin 0.0% Alcoholvrij Belgisch Abdijbier - Fles - 6 x 330ML",
      "brand": "Leffe",
      "category": "Bier en wijn",
      "unit_size": null,
      "offer_price": 7.49,
      "normal_price": 7.49,
      "price_per_unit": 3.78,
      "price_unit": "l",
      "discount_tag": "1+1 gratis",
      "promo_title": "Alcoholvrije bieren van Leffe, Hertog Jan of Corona",
      "validity": "wo 10 t/m di 16 dec",
      "image_url": "https://www.jumbo.com/dam-images/fit-in/360x360/Products/05410228275398H1N16a6816b5-2577-46c6-909b-50f531b24db4-1713367092135.png",
      "source_url": "https://www.jumbo.com/aanbiedingen/alcoholvrije-bieren-van-leffe-hertog-jan-of-corona/3012995"
    },
    {
      "id": "275061PAK",
      "name": "Leffe Belgisch Abdijbier Blond Flessen 6 x 30 cl",
      "brand": "Leffe",
      "category": "Bier en wijn",
      "unit_size": "6 x 30 cl",
      "offer_price": 6.65,
      "normal_price": 6.65,
      "price_per_unit": 3.69,
      "price_unit": "l",
      "discount_tag": "1+1 gratis",
      "promo_title": "Alcoholvrije bieren van Leffe, Hertog Jan of Corona",
      "validity": "wo 10 t/m di 16 dec",
      "image_url": "https://www.jumbo.com/dam-images/fit-in/360x360/Products/12122025_1765510385122_1765510390104_5410228261100_1.png",
      "source_url": "https://www.jumbo.com/aanbiedingen/alcoholvrije-bieren-van-leffe-hertog-jan-of-corona/3012995"
    },
    {
      "id": "604148DS",
      "name": "Peroni - Nastro Azzurro - 0,0% Alcoholvrij - Fles - 6 x 330ML",
      "brand": "Peroni",
      "category": "Bier en wijn",
      "unit_size": "6 x 330 ml",
      "offer_price": 4.71,
      "normal_price": 6.29,
      "price_per_unit": 2.38,
      "price_unit": "l",
      "discount_tag": "25% korting",
      "promo_title": "Grolsch Pils, Grolsch Radler, Peroni of Grimbergen",
      "validity": "wo 10 t/m di 16 dec",
      "image_url": "https://www.jumbo.com/dam-images/fit-in/360x360/Products/08594404023304H1N12d3393e3-4e57-4d5d-8bab-97c79a32f67a-1727790627004.png",
      "source_url": "https://www.jumbo.com/aanbiedingen/grolsch-pils-grolsch-radler-peroni-of-grimbergen/3012977"
    },
    {
      "id": "18021PAK",
      "name": "Grimbergen - Blond - Fles - 6 x 300ML",
      "brand": "Grimbergen",
      "category": "Bier en wijn",
      "unit_size": null,
      "offer_price": 5.99,
      "normal_price": 7.99,
      "price_per_unit": 3.33,
      "price_unit": "l",
      "discount_tag": "25% korting",
      "promo_title": "Grolsch Pils, Grolsch Radler, Peroni of Grimbergen",
      "validity": "wo 10 t/m di 16 dec",
      "image_url": "https://www.jumbo.com/dam-images/fit-in/360x360/Products/08716700016228H1N135389801-5a8e-4162-aab8-4b2e640086f7-1745413045981.png",
      "source_url": "https://www.jumbo.com/aanbiedingen/grolsch-pils-grolsch-radler-peroni-of-grimbergen/3012977"
    },
    {
      "id": "536521TRA",
      "name": "Grolsch Gekoeld Blik 6x33cl",
      "brand": "Grolsch",
      "category": "Bier en wijn",
      "unit_size": null,
      "offer_price": 6.36,
      "normal_price": 8.49,
      "price_per_unit": 4.29,
      "price_unit": "l",
      "discount_tag": "25% korting",
      "promo_title": "Grolsch Pils, Grolsch Radler, Peroni of Grimbergen",
      "validity": "wo 10 t/m di 16 dec",
      "image_url": "",
      "source_url": "https://www.jumbo.com/aanbiedingen/grolsch-pils-grolsch-radler-peroni-of-grimbergen/3012977"
    },
    {
      "id": "536549PAK",
      "name": "Grolsch - Citroen Radler - Blik - 6 x 330ML",
      "brand": "Grolsch",
      "category": "Bier en wijn",
      "unit_size": null,
      "offer_price": 4.71,
      "normal_price": 6.29,
      "price_per_unit": 2.38,
      "price_unit": "l",
      "discount_tag": "25% korting",
      "promo_title": "Grolsch Pils, Grolsch Radler, Peroni of Grimbergen",
      "validity": "wo 10 t/m di 16 dec",
      "image_url": "https://www.jumbo.com/dam-images/fit-in/360x360/Products/08716700018925H1N15529d0ca-82b6-4ade-b872-da414106bade-1758097376628.png",
      "source_url": "https://www.jumbo.com/aanbiedingen/grolsch-pils-grolsch-radler-peroni-of-grimbergen/3012977"
    },
    {
      "id": "156252KRT",
      "name": "Grolsch - Citroen Radler - Krat - 24 x 300ML",
      "brand": "Grolsch",
      "category": "Bier en wijn",
      "unit_size": null,
      "offer_price": 17.24,
      "normal_price": 22.99,
      "price_per_unit": 2.39,
      "price_unit": "l",
      "discount_tag": "25% korting",
      "promo_title": "Grolsch Pils, Grolsch Radler, Peroni of Grimbergen",
      "validity": "wo 10 t/m di 16 dec",
      "image_url": "https://www.jumbo.com/dam-images/fit-in/360x360/Products/08716700027330H1N1bb783826-b700-4621-b5d0-b251d4ed43f2-1758097843839.png",
      "source_url": "https://www.jumbo.com/aanbiedingen/grolsch-pils-grolsch-radler-peroni-of-grimbergen/3012977"
    },
    {
      "id": "536550PAK",
      "name": "Grolsch - Citroen Radler - 0.0% Alcoholvrij - Blik - 6 x 330ML",
      "brand": "Grolsch",
      "category": "Bier en wijn",
      "unit_size": null,
      "offer_price": 4.56,
      "normal_price": 6.09,
      "price_per_unit": 2.3,
      "price_unit": "l",
      "discount_tag": "25% korting",
      "promo_title": "Grolsch Pils, Grolsch Radler, Peroni of Grimbergen",
      "validity": "wo 10 t/m di 16 dec",
      "image_url": "https://www.jumbo.com/dam-images/fit-in/360x360/Products/08716700018901H1N1c6ddea83-5eae-40a3-98ee-bddfece1d155-1758094458394.png",
      "source_url": "https://www.jumbo.com/aanbiedingen/grolsch-pils-grolsch-radler-peroni-of-grimbergen/3012977"
    },
    {
      "id": "536535PAK",
      "name": "Grolsch - 0.0% Alcoholvrij - Blik - 6 x 330ML",
      "brand": "Grolsch",
      "category": "Bier en wijn",
      "unit_size": null,
      "offer_price": 4.31,
      "normal_price": 5.75,
      "price_per_unit": 2.18,
      "price_unit": "l",
      "discount_tag": "25% korting",
      "promo_title": "Grolsch Pils, Grolsch Radler, Peroni of Grimbergen",
      "validity": "wo 10 t/m di 16 dec",
      "image_url": "https://www.jumbo.com/dam-images/fit-in/360x360/Products/08716700018949H1N132af5f14-7d93-4fd0-8270-e94d05f53b1b-1758092155294.png",
      "source_url": "https://www.jumbo.com/aanbiedingen/grolsch-pils-grolsch-radler-peroni-of-grimbergen/3012977"
    },
    {
      "id": "604147DS",
      "name": "Peroni - Nastro Azzurro - Fles -  6 x 330ML",
      "brand": "Peroni",
      "category": "Bier en wijn",
      "unit_size": "6 x 330 ml",
      "offer_price": 4.98,
      "normal_price": 6.65,
      "price_per_unit": 2.52,
      "price_unit": "l",
      "discount_tag": "25% korting",
      "promo_title": "Grolsch Pils, Grolsch Radler, Peroni of Grimbergen",
      "validity": "wo 10 t/m di 16 dec",
      "image_url": "https://www.jumbo.com/dam-images/fit-in/360x360/Products/08008440542748H1N17c3cfb4e-be90-402c-a447-750b349afc47-1739795625664.png",
      "source_url": "https://www.jumbo.com/aanbiedingen/grolsch-pils-grolsch-radler-peroni-of-grimbergen/3012977"
    },
    {
      "id": "224984KRT",
      "name": "Grolsch - Citroen Radler - 0.0% Alcoholvrij - Krat - 24 x 300ML",
      "brand": "Grolsch",
      "category": "Bier en wijn",
      "unit_size": null,
      "offer_price": 16.02,
      "normal_price": 21.36,
      "price_per_unit": 2.23,
      "price_unit": "l",
      "discount_tag": "25% korting",
      "promo_title": "Grolsch Pils, Grolsch Radler, Peroni of Grimbergen",
      "validity": "wo 10 t/m di 16 dec",
      "image_url": "https://www.jumbo.com/dam-images/fit-in/360x360/Products/08716700030125H1N1e9756464-7dc2-4949-9c09-896d3750b242-1758097783477.png",
      "source_url": "https://www.jumbo.com/aanbiedingen/grolsch-pils-grolsch-radler-peroni-of-grimbergen/3012977"
    },
    {
      "id": "549096PAK",
      "name": "Grimbergen - Tripel - Fles - 6 x 300ML",
      "brand": "Grimbergen",
      "category": "Bier en wijn",
      "unit_size": null,
      "offer_price": 6.74,
      "normal_price": 8.99,
      "price_per_unit": 3.74,
      "price_unit": "l",
      "discount_tag": "25% korting",
      "promo_title": "Grolsch Pils, Grolsch Radler, Peroni of Grimbergen",
      "validity": "wo 10 t/m di 16 dec",
      "image_url": "https://www.jumbo.com/dam-images/fit-in/360x360/Products/08716700016204H1N14386587e-2af4-4494-bcbf-ff8d3b951818-1745413045975.png",
      "source_url": "https://www.jumbo.com/aanbiedingen/grolsch-pils-grolsch-radler-peroni-of-grimbergen/3012977"
    },
    {
      "id": "708194PAK",
      "name": "Grimbergen - Dubbel - Fles - 6 x 300ML",
      "brand": "Grimbergen",
      "category": "Bier en wijn",
      "unit_size": null,
      "offer_price": 6.29,
      "normal_price": 8.39,
      "price_per_unit": 3.49,
      "price_unit": "l",
      "discount_tag": "25% korting",
      "promo_title": "Grolsch Pils, Grolsch Radler, Peroni of Grimbergen",
      "validity": "wo 10 t/m di 16 dec",
      "image_url": "https://www.jumbo.com/dam-images/fit-in/360x360/Products/08716700016211H1N1c6ac78f2-aa50-4491-b365-fd997ce0608b-1745413046537.png",
      "source_url": "https://www.jumbo.com/aanbiedingen/grolsch-pils-grolsch-radler-peroni-of-grimbergen/3012977"
    },
    {
      "id": "168072DS",
      "name": "Grolsch - Citroen Radler - Fles - 6 x 300ML",
      "brand": "Grolsch",
      "category": "Bier en wijn",
      "unit_size": null,
      "offer_price": 4.41,
      "normal_price": 5.89,
      "price_per_unit": 2.45,
      "price_unit": "l",
      "discount_tag": "25% korting",
      "promo_title": "Grolsch Pils, Grolsch Radler, Peroni of Grimbergen",
      "validity": "wo 10 t/m di 16 dec",
      "image_url": "https://www.jumbo.com/dam-images/fit-in/360x360/Products/08716700017010H1N169ae38fd-a595-43af-822b-1767b586fa15-1758097280452.png",
      "source_url": "https://www.jumbo.com/aanbiedingen/grolsch-pils-grolsch-radler-peroni-of-grimbergen/3012977"
    },
    {
      "id": "539079DS",
      "name": "Peroni - Nastro Azzurro - Blik - 6 x 330ML",
      "brand": "Peroni",
      "category": "Bier en wijn",
      "unit_size": null,
      "offer_price": 5.99,
      "normal_price": 7.99,
      "price_per_unit": 3.03,
      "price_unit": "l",
      "discount_tag": "25% korting",
      "promo_title": "Grolsch Pils, Grolsch Radler, Peroni of Grimbergen",
      "validity": "wo 10 t/m di 16 dec",
      "image_url": "https://www.jumbo.com/dam-images/fit-in/360x360/Products/08008440512468H1N17428f9f1-88bd-4204-aceb-bc48a8542ad8-1739797817570.png",
      "source_url": "https://www.jumbo.com/aanbiedingen/grolsch-pils-grolsch-radler-peroni-of-grimbergen/3012977"
    },
    {
      "id": "391716KRT",
      "name": "Grolsch - 0.0% Alcoholvrij - Krat - 24 x 300ML",
      "brand": "Grolsch",
      "category": "Bier en wijn",
      "unit_size": null,
      "offer_price": 13.86,
      "normal_price": 18.49,
      "price_per_unit": 1.93,
      "price_unit": "l",
      "discount_tag": "25% korting",
      "promo_title": "Grolsch Pils, Grolsch Radler, Peroni of Grimbergen",
      "validity": "wo 10 t/m di 16 dec",
      "image_url": "https://www.jumbo.com/dam-images/fit-in/360x360/Products/08716700031771H1N161ff7117-c761-4e95-9766-3108cf31e6d4-1758098203927.png",
      "source_url": "https://www.jumbo.com/aanbiedingen/grolsch-pils-grolsch-radler-peroni-of-grimbergen/3012977"
    },
    {
      "id": "669475BLK",
      "name": "Grolsch Premium Pilsner gekoeld 500ML",
      "brand": "Grolsch",
      "category": "Bier en wijn",
      "unit_size": null,
      "offer_price": 1.19,
      "normal_price": 1.59,
      "price_per_unit": 3.18,
      "price_unit": "l",
      "discount_tag": "25% korting",
      "promo_title": "Grolsch Pils, Grolsch Radler, Peroni of Grimbergen",
      "validity": "wo 10 t/m di 16 dec",
      "image_url": "https://www.jumbo.com/dam-images/fit-in/360x360/Products/24012025_1737686632258_1737686637868_669475_BLK_08716700019694_C1N1.png",
      "source_url": "https://www.jumbo.com/aanbiedingen/grolsch-pils-grolsch-radler-peroni-of-grimbergen/3012977"
    },
    {
      "id": "181021PAK",
      "name": "Grolsch Alcoholvrij Bier 0.0 Fles 6 x 300ml",
      "brand": "Grolsch",
      "category": "Bier en wijn",
      "unit_size": null,
      "offer_price": 3.66,
      "normal_price": 4.89,
      "price_per_unit": 2.03,
      "price_unit": "l",
      "discount_tag": "25% korting",
      "promo_title": "Grolsch Pils, Grolsch Radler, Peroni of Grimbergen",
      "validity": "wo 10 t/m di 16 dec",
      "image_url": "https://www.jumbo.com/dam-images/fit-in/360x360/Products/08716700017270H1N1190e2698-9e5c-45b7-8681-2f869e815775-1758097618397.png",
      "source_url": "https://www.jumbo.com/aanbiedingen/grolsch-pils-grolsch-radler-peroni-of-grimbergen/3012977"
    },
    {
      "id": "536739PAK",
      "name": "Grolsch - Premium Pilsner - Blik - 6 x 500ML",
      "brand": "Grolsch",
      "category": "Bier en wijn",
      "unit_size": null,
      "offer_price": 6.14,
      "normal_price": 8.19,
      "price_per_unit": 2.05,
      "price_unit": "l",
      "discount_tag": "25% korting",
      "promo_title": "Grolsch Pils, Grolsch Radler, Peroni of Grimbergen",
      "validity": "wo 10 t/m di 16 dec",
      "image_url": "https://www.jumbo.com/dam-images/fit-in/360x360/Products/08716700018796H1N1afc803a5-9ae0-4a32-a866-b428253acdc6-1758094999748.png",
      "source_url": "https://www.jumbo.com/aanbiedingen/grolsch-pils-grolsch-radler-peroni-of-grimbergen/3012977"
    },
    {
      "id": "168537DS",
      "name": "Grolsch Premium Pilsner Beugelflessen 4 x 450ml",
      "brand": "Grolsch",
      "category": "Bier en wijn",
      "unit_size": null,
      "offer_price": 3.74,
      "normal_price": 4.99,
      "price_per_unit": 2.08,
      "price_unit": "l",
      "discount_tag": "25% korting",
      "promo_title": "Grolsch Pils, Grolsch Radler, Peroni of Grimbergen",
      "validity": "wo 10 t/m di 16 dec",
      "image_url": "https://www.jumbo.com/dam-images/fit-in/360x360/Products/08716700016013H1N1498903ba-8e2d-4499-bb36-2365afe78476-1758096699141.png",
      "source_url": "https://www.jumbo.com/aanbiedingen/grolsch-pils-grolsch-radler-peroni-of-grimbergen/3012977"
    },
    {
      "id": "619837DS",
      "name": "Grolsch - Pils - Fles - 6 x 300ML",
      "brand": "Grolsch",
      "category": "Bier en wijn",
      "unit_size": "6 x 30 CL",
      "offer_price": 3.74,
      "normal_price": 4.99,
      "price_per_unit": 2.08,
      "price_unit": "l",
      "discount_tag": "25% korting",
      "promo_title": "Grolsch Pils, Grolsch Radler, Peroni of Grimbergen",
      "validity": "wo 10 t/m di 16 dec",
      "image_url": "https://www.jumbo.com/dam-images/fit-in/360x360/Products/08716700019380H1N19e4e6d84-ef80-4a66-a4a2-d4ef3efa1a1e-1758094703448.png",
      "source_url": "https://www.jumbo.com/aanbiedingen/grolsch-pils-grolsch-radler-peroni-of-grimbergen/3012977"
    },
    {
      "id": "168401PAK",
      "name": "Grolsch - Citroen Radler - 0.0% Alcoholvrij - Fles - 6 x 300ML",
      "brand": "Grolsch",
      "category": "Bier en wijn",
      "unit_size": null,
      "offer_price": 3.96,
      "normal_price": 5.29,
      "price_per_unit": 2.2,
      "price_unit": "l",
      "discount_tag": "25% korting",
      "promo_title": "Grolsch Pils, Grolsch Radler, Peroni of Grimbergen",
      "validity": "wo 10 t/m di 16 dec",
      "image_url": "https://www.jumbo.com/dam-images/fit-in/360x360/Products/08716700016860H1N171a2caf8-567b-44b5-828a-c6491c2b4421-1758096400984.png",
      "source_url": "https://www.jumbo.com/aanbiedingen/grolsch-pils-grolsch-radler-peroni-of-grimbergen/3012977"
    },
    {
      "id": "536551PAK",
      "name": "Grolsch - Premium Pilsner - Blik - 6 x 330ML",
      "brand": "Grolsch",
      "category": "Bier en wijn",
      "unit_size": null,
      "offer_price": 4.94,
      "normal_price": 6.59,
      "price_per_unit": 2.49,
      "price_unit": "l",
      "discount_tag": "25% korting",
      "promo_title": "Grolsch Pils, Grolsch Radler, Peroni of Grimbergen",
      "validity": "wo 10 t/m di 16 dec",
      "image_url": "https://www.jumbo.com/dam-images/fit-in/360x360/Products/08716700018772H1N1401f8eb0-7ca7-40ee-b4b7-066505f0dda0-1758094614330.png",
      "source_url": "https://www.jumbo.com/aanbiedingen/grolsch-pils-grolsch-radler-peroni-of-grimbergen/3012977"
    },
    {
      "id": "603602PAK",
      "name": "Grimbergen Abdijbier van Hoge Gisting Blond Blikken 4 x 500ml",
      "brand": "Grimbergen",
      "category": "Bier en wijn",
      "unit_size": "4 x 50 cl",
      "offer_price": 5.46,
      "normal_price": 7.29,
      "price_per_unit": 2.73,
      "price_unit": "l",
      "discount_tag": "25% korting",
      "promo_title": "Grolsch Pils, Grolsch Radler, Peroni of Grimbergen",
      "validity": "wo 10 t/m di 16 dec",
      "image_url": "https://www.jumbo.com/dam-images/fit-in/360x360/Products/08716700019250C1N1a3468389-4b9d-46a0-920b-86438de0a6be-1745413051140.png",
      "source_url": "https://www.jumbo.com/aanbiedingen/grolsch-pils-grolsch-radler-peroni-of-grimbergen/3012977"
    },
    {
      "id": "580841FLS",
      "name": "Vida Barcelona - Cava Brut - Biologisch - 750ML",
      "brand": "Vida",
      "category": "Bier en wijn",
      "unit_size": "75 cl",
      "offer_price": 5.99,
      "normal_price": 7.59,
      "price_per_unit": 7.99,
      "price_unit": "l",
      "discount_tag": "voor 5,99",
      "promo_title": "Kerstwijnen",
      "validity": "wo 3 t/m wo 31 dec",
      "image_url": "https://www.jumbo.com/dam-images/fit-in/360x360/Products/14052025_1747233165546_1747233169077_8437023708569_1.png",
      "source_url": "https://www.jumbo.com/aanbiedingen/kerstwijnen/3011976"
    },
    {
      "id": "582101FLS",
      "name": "KWV Heritage Collection Chenin Blanc 750 ml",
      "brand": "KWV",
      "category": "Bier en wijn",
      "unit_size": "750 ml",
      "offer_price": 5.99,
      "normal_price": 7.99,
      "price_per_unit": 7.99,
      "price_unit": "l",
      "discount_tag": "voor 5,99",
      "promo_title": "Kerstwijnen",
      "validity": "wo 3 t/m wo 31 dec",
      "image_url": "https://www.jumbo.com/dam-images/fit-in/360x360/Products/05112025_1762353186723_1762353190268_6002323025207_1.png",
      "source_url": "https://www.jumbo.com/aanbiedingen/kerstwijnen/3011976"
    },
    {
      "id": "714586FLS",
      "name": "Vida Barcelona - Sparkling 0,0% Alcoholvrij 750ML",
      "brand": "Vida",
      "category": "Bier en wijn",
      "unit_size": "750 ml.",
      "offer_price": 5.99,
      "normal_price": 6.99,
      "price_per_unit": 7.99,
      "price_unit": "l",
      "discount_tag": "voor 5,99",
      "promo_title": "Kerstwijnen",
      "validity": "wo 3 t/m wo 31 dec",
      "image_url": "https://www.jumbo.com/dam-images/fit-in/360x360/Products/21112025_1763717571951_1763717575086_8436625780096_1.png",
      "source_url": "https://www.jumbo.com/aanbiedingen/kerstwijnen/3011976"
    },
    {
      "id": "521813FLS",
      "name": "Freixenet - 0,0% Alcoholvrij - 750ML",
      "brand": "Freixenet",
      "category": "Bier en wijn",
      "unit_size": "750 ml",
      "offer_price": 5.99,
      "normal_price": 7.99,
      "price_per_unit": 7.99,
      "price_unit": "l",
      "discount_tag": "voor 5,99",
      "promo_title": "Kerstwijnen",
      "validity": "wo 3 t/m wo 31 dec",
      "image_url": "https://www.jumbo.com/dam-images/fit-in/360x360/Products/09082023_1691592103887_1691592108774_8410384003016_1.png",
      "source_url": "https://www.jumbo.com/aanbiedingen/kerstwijnen/3011976"
    },
    {
      "id": "79525FLS",
      "name": "Villebois - Petit Villebois - Sauvignon Blanc - 750ML",
      "brand": "Villebois",
      "category": "Bier en wijn",
      "unit_size": "750 ml",
      "offer_price": 5.99,
      "normal_price": 7.49,
      "price_per_unit": 7.99,
      "price_unit": "l",
      "discount_tag": "voor 5,99",
      "promo_title": "Kerstwijnen",
      "validity": "wo 3 t/m wo 31 dec",
      "image_url": "https://www.jumbo.com/dam-images/fit-in/360x360/Products/08042024_1712590511136_1712590514703_3760189780519_1.png",
      "source_url": "https://www.jumbo.com/aanbiedingen/kerstwijnen/3011976"
    },
    {
      "id": "687042FLS",
      "name": "François Martenot - Chardonnay -750ML",
      "brand": "Francois Martenot",
      "category": "Bier en wijn",
      "unit_size": "75 cl",
      "offer_price": 5.99,
      "normal_price": 7.59,
      "price_per_unit": 7.99,
      "price_unit": "l",
      "discount_tag": "voor 5,99",
      "promo_title": "Kerstwijnen",
      "validity": "wo 3 t/m wo 31 dec",
      "image_url": "https://www.jumbo.com/dam-images/fit-in/360x360/Products/22042025_1745328768527_1745328772198_3120581439680_1.png",
      "source_url": "https://www.jumbo.com/aanbiedingen/kerstwijnen/3011976"
    },
    {
      "id": "590960FLS",
      "name": "Jumbo - Prosecco Spumante - 750ML",
      "brand": "Jumbo",
      "category": "Bier en wijn",
      "unit_size": "750 ml",
      "offer_price": 5.99,
      "normal_price": 7.99,
      "price_per_unit": 7.99,
      "price_unit": "l",
      "discount_tag": "voor 5,99",
      "promo_title": "Kerstwijnen",
      "validity": "wo 3 t/m wo 31 dec",
      "image_url": "https://www.jumbo.com/dam-images/fit-in/360x360/Products/28052025_1748439308286_1748439317406_8718452744961_1.png",
      "source_url": "https://www.jumbo.com/aanbiedingen/kerstwijnen/3011976"
    },
    {
      "id": "687001FLS",
      "name": "François Martenot - Pinot Noir - 750ML",
      "brand": "Francois Martenot",
      "category": "Bier en wijn",
      "unit_size": "75 cl",
      "offer_price": 5.99,
      "normal_price": 7.59,
      "price_per_unit": 10.12,
      "price_unit": "l",
      "discount_tag": "voor 5,99",
      "promo_title": "Kerstwijnen",
      "validity": "wo 3 t/m wo 31 dec",
      "image_url": "https://www.jumbo.com/dam-images/fit-in/360x360/Products/22042025_1745328768336_1745328771934_3120581439697_1.png",
      "source_url": "https://www.jumbo.com/aanbiedingen/kerstwijnen/3011976"
    },
    {
      "id": "604411FLS",
      "name": "Marqués de la Concordia - Rioja Crianza - Tempranillo - 750ML",
      "brand": "Marques de la Concordia",
      "category": "Bier en wijn",
      "unit_size": "750 ml",
      "offer_price": 5.99,
      "normal_price": 7.99,
      "price_per_unit": 7.99,
      "price_unit": "l",
      "discount_tag": "voor 5,99",
      "promo_title": "Kerstwijnen",
      "validity": "wo 3 t/m wo 31 dec",
      "image_url": "https://www.jumbo.com/dam-images/fit-in/360x360/Products/24042024_1713943989110_1713943991568_8410396220913_1.png",
      "source_url": "https://www.jumbo.com/aanbiedingen/kerstwijnen/3011976"
    },
    {
      "id": "580849FLS",
      "name": "Vida - Biologisch Cava Brut Rosé - 750ML",
      "brand": "Vida",
      "category": "Bier en wijn",
      "unit_size": "75 cl.",
      "offer_price": 5.99,
      "normal_price": 7.59,
      "price_per_unit": 7.99,
      "price_unit": "l",
      "discount_tag": "voor 5,99",
      "promo_title": "Kerstwijnen",
      "validity": "wo 3 t/m wo 31 dec",
      "image_url": "https://www.jumbo.com/dam-images/fit-in/360x360/Products/01082024_1722522799558_1722522803535_8437023708576_1.png",
      "source_url": "https://www.jumbo.com/aanbiedingen/kerstwijnen/3011976"
    },
    {
      "id": "578312FLS",
      "name": "KWV - Cabernet Sauvignon - 750 ML",
      "brand": "KWV",
      "category": "Bier en wijn",
      "unit_size": "750 ml",
      "offer_price": 5.99,
      "normal_price": 7.99,
      "price_per_unit": 7.99,
      "price_unit": "l",
      "discount_tag": "voor 5,99",
      "promo_title": "Kerstwijnen",
      "validity": "wo 3 t/m wo 31 dec",
      "image_url": "https://www.jumbo.com/dam-images/fit-in/360x360/Products/05112025_1762353186267_1762353190395_6002323025160_1.png",
      "source_url": "https://www.jumbo.com/aanbiedingen/kerstwijnen/3011976"
    },
    {
      "id": "512898FLS",
      "name": "Villebois - Sauvignon Blanc - 0.0% Alcoholvrij - 750ML",
      "brand": "Villebois",
      "category": "Bier en wijn",
      "unit_size": "750 ml",
      "offer_price": 5.99,
      "normal_price": 7.49,
      "price_per_unit": 7.99,
      "price_unit": "l",
      "discount_tag": "voor 5,99",
      "promo_title": "Kerstwijnen",
      "validity": "wo 3 t/m wo 31 dec",
      "image_url": "https://www.jumbo.com/dam-images/fit-in/360x360/Products/08042024_1712590511423_1712590517944_3760189780694_1.png",
      "source_url": "https://www.jumbo.com/aanbiedingen/kerstwijnen/3011976"
    },
    {
      "id": "79239FLS",
      "name": "Sankt Anna - Riesling - 750ML",
      "brand": "Sankt Anna",
      "category": "Bier en wijn",
      "unit_size": "750 ml",
      "offer_price": 5.99,
      "normal_price": 7.99,
      "price_per_unit": 7.99,
      "price_unit": "l",
      "discount_tag": "voor 5,99",
      "promo_title": "Kerstwijnen",
      "validity": "wo 3 t/m wo 31 dec",
      "image_url": "https://www.jumbo.com/dam-images/fit-in/360x360/Products/79239_4026371930001_1_T1_79239FLS1691393628309.png",
      "source_url": "https://www.jumbo.com/aanbiedingen/kerstwijnen/3011976"
    },
    {
      "id": "521815FLS",
      "name": "Freixenet - Rosé - 0.0% Alcoholvrij - 750ML",
      "brand": "Freixenet",
      "category": "Bier en wijn",
      "unit_size": "750 ml",
      "offer_price": 5.99,
      "normal_price": 7.99,
      "price_per_unit": 7.99,
      "price_unit": "l",
      "discount_tag": "voor 5,99",
      "promo_title": "Kerstwijnen",
      "validity": "wo 3 t/m wo 31 dec",
      "image_url": "https://www.jumbo.com/dam-images/fit-in/360x360/Products/09082023_1691591724540_1691591728826_8410384053073_1.png",
      "source_url": "https://www.jumbo.com/aanbiedingen/kerstwijnen/3011976"
    },
    {
      "id": "33058FLS",
      "name": "Winzer Krems - Grüner Veltliner - 750 ML",
      "brand": "Winzer Krems",
      "category": "Bier en wijn",
      "unit_size": "750 ml",
      "offer_price": 5.99,
      "normal_price": 7.99,
      "price_per_unit": 7.99,
      "price_unit": "l",
      "discount_tag": "voor 5,99",
      "promo_title": "Kerstwijnen",
      "validity": "wo 3 t/m wo 31 dec",
      "image_url": "https://www.jumbo.com/dam-images/fit-in/360x360/Products/05112025_1762353185293_1762353188237_9005511073476_1.png",
      "source_url": "https://www.jumbo.com/aanbiedingen/kerstwijnen/3011976"
    },
    {
      "id": "612742BLK",
      "name": "Absolut - Vodka Sprite - 250ML",
      "brand": "Absolut Sprite",
      "category": "Bier en wijn",
      "unit_size": "250 ml",
      "offer_price": 1.79,
      "normal_price": 2.39,
      "price_per_unit": 7.16,
      "price_unit": "l",
      "discount_tag": "25% korting",
      "promo_title": "Absolut Sprite",
      "validity": "wo 3 t/m di 16 dec",
      "image_url": "https://www.jumbo.com/dam-images/fit-in/360x360/Products/03022024_1706930889771_1706930894893_612742_BLK_05449000322982_H1N1.png",
      "source_url": "https://www.jumbo.com/aanbiedingen/absolut-sprite/3012185"
    },
    {
      "id": "679246BLK",
      "name": "Absolut Vodka Sprite Watermelon 250 ml",
      "brand": "Absolut",
      "category": "Bier en wijn",
      "unit_size": "250 ml",
      "offer_price": 1.71,
      "normal_price": 2.29,
      "price_per_unit": 6.84,
      "price_unit": "l",
      "discount_tag": "25% korting",
      "promo_title": "Absolut Sprite",
      "validity": "wo 3 t/m di 16 dec",
      "image_url": "https://www.jumbo.com/dam-images/fit-in/360x360/Products/01032025_1740799852542_1740799861078_679246_BLK_05449000336262_C1N1.png",
      "source_url": "https://www.jumbo.com/aanbiedingen/absolut-sprite/3012185"
    },
    {
      "id": "705479BLK",
      "name": "Absolut Vodka Sprite Pineapple 250ML",
      "brand": "Absolut Sprite",
      "category": "Bier en wijn",
      "unit_size": "250 ml",
      "offer_price": 1.79,
      "normal_price": 2.39,
      "price_per_unit": 7.16,
      "price_unit": "l",
      "discount_tag": "25% korting",
      "promo_title": "Absolut Sprite",
      "validity": "wo 3 t/m di 16 dec",
      "image_url": "https://www.jumbo.com/dam-images/fit-in/360x360/Products/18062025_1750271667270_1750271672219_5449000336248_1.png",
      "source_url": "https://www.jumbo.com/aanbiedingen/absolut-sprite/3012185"
    },
    {
      "id": "717213FLS",
      "name": "Mezzacorona - Chardonnay - Pinot Grigio 750ML",
      "brand": "Mezzacorona",
      "category": "Bier en wijn",
      "unit_size": "75 cl",
      "offer_price": 9.99,
      "normal_price": 9.99,
      "price_per_unit": 13.32,
      "price_unit": "l",
      "discount_tag": "2e halve prijs",
      "promo_title": "Mezzacorona",
      "validity": "wo 10 t/m di 16 dec",
      "image_url": "https://www.jumbo.com/dam-images/fit-in/360x360/Products/19112025_1763554822445_1763554823606_717213_FLS_08004305004246_C1N1.png",
      "source_url": "https://www.jumbo.com/aanbiedingen/mezzacorona/3013036"
    },
    {
      "id": "588450FLS",
      "name": "Mezzacorona Insieme - Pinot Grigio Spumante - 750ML",
      "brand": "Mezzacorona",
      "category": "Bier en wijn",
      "unit_size": "750 ml",
      "offer_price": 9.99,
      "normal_price": 9.99,
      "price_per_unit": 13.32,
      "price_unit": "l",
      "discount_tag": "2e halve prijs",
      "promo_title": "Mezzacorona",
      "validity": "wo 10 t/m di 16 dec",
      "image_url": "https://www.jumbo.com/dam-images/fit-in/360x360/Products/08112023_1699454290812_1699454294719_8004305004345_1.png",
      "source_url": "https://www.jumbo.com/aanbiedingen/mezzacorona/3013036"
    },
    {
      "id": "270403FLS",
      "name": "Mezzacorona - Teroldego - Riserva - 750ML",
      "brand": "Mezzacorona",
      "category": "Bier en wijn",
      "unit_size": "75 cl",
      "offer_price": 9.99,
      "normal_price": 9.99,
      "price_per_unit": 13.32,
      "price_unit": "l",
      "discount_tag": "2e halve prijs",
      "promo_title": "Mezzacorona",
      "validity": "wo 10 t/m di 16 dec",
      "image_url": "https://www.jumbo.com/dam-images/fit-in/360x360/Products/18112025_1763432671010_1763432673960_270403_FLS_08004305002099_C1N1.png",
      "source_url": "https://www.jumbo.com/aanbiedingen/mezzacorona/3013036"
    },
    {
      "id": "33102FLS",
      "name": "Mezzacorona - Chardonnay - 750ML",
      "brand": "Mezzacorona",
      "category": "Bier en wijn",
      "unit_size": "75 cl",
      "offer_price": 6.79,
      "normal_price": 6.79,
      "price_per_unit": 9.05,
      "price_unit": "l",
      "discount_tag": "2e halve prijs",
      "promo_title": "Mezzacorona",
      "validity": "wo 10 t/m di 16 dec",
      "image_url": "https://www.jumbo.com/dam-images/fit-in/360x360/Products/26112025_1764125409189_1764125414524_33102_FLS_08004305000132_C1N1.png",
      "source_url": "https://www.jumbo.com/aanbiedingen/mezzacorona/3013036"
    },
    {
      "id": "484910FLS",
      "name": "Mezzacorona - Moscato - Giallo - 750ML",
      "brand": "Mezzacorona",
      "category": "Bier en wijn",
      "unit_size": "75 cl",
      "offer_price": 6.79,
      "normal_price": 6.79,
      "price_per_unit": 9.05,
      "price_unit": "l",
      "discount_tag": "2e halve prijs",
      "promo_title": "Mezzacorona",
      "validity": "wo 10 t/m di 16 dec",
      "image_url": "https://www.jumbo.com/dam-images/fit-in/360x360/Products/05112025_1762349644362_1762349647623_8004305000101_1.png",
      "source_url": "https://www.jumbo.com/aanbiedingen/mezzacorona/3013036"
    },
    {
      "id": "686074FLS",
      "name": "Mezzacorona - Pinot Grigio - 750ML",
      "brand": "Mezzacorona",
      "category": "Bier en wijn",
      "unit_size": "75 cl",
      "offer_price": 6.79,
      "normal_price": 6.79,
      "price_per_unit": 9.05,
      "price_unit": "l",
      "discount_tag": "2e halve prijs",
      "promo_title": "Mezzacorona",
      "validity": "wo 10 t/m di 16 dec",
      "image_url": "https://www.jumbo.com/dam-images/fit-in/360x360/Products/05112025_1762349644766_1762349648103_8004305004796_1.png",
      "source_url": "https://www.jumbo.com/aanbiedingen/mezzacorona/3013036"
    },
    {
      "id": "686073FLS",
      "name": "Mezzacorona - Pinot Grigio Rosé - 750ML",
      "brand": "Mezzacorona",
      "category": "Bier en wijn",
      "unit_size": "75 cl",
      "offer_price": 6.79,
      "normal_price": 6.79,
      "price_per_unit": 9.05,
      "price_unit": "l",
      "discount_tag": "2e halve prijs",
      "promo_title": "Mezzacorona",
      "validity": "wo 10 t/m di 16 dec",
      "image_url": "https://www.jumbo.com/dam-images/fit-in/360x360/Products/05112025_1762349644599_1762349648129_8004305004819_1.png",
      "source_url": "https://www.jumbo.com/aanbiedingen/mezzacorona/3013036"
    },
    {
      "id": "514395FLS",
      "name": "Mezzacorona - Merlot - Riserva - 750ML",
      "brand": "Mezzacorona",
      "category": "Bier en wijn",
      "unit_size": "75 cl",
      "offer_price": 9.99,
      "normal_price": 9.99,
      "price_per_unit": 13.32,
      "price_unit": "l",
      "discount_tag": "2e halve prijs",
      "promo_title": "Mezzacorona",
      "validity": "wo 10 t/m di 16 dec",
      "image_url": "https://www.jumbo.com/dam-images/fit-in/360x360/Products/09092025_1757382065257_1757382066391_514395_FLS_08004305004185_A1N1.png",
      "source_url": "https://www.jumbo.com/aanbiedingen/mezzacorona/3013036"
    },
    {
      "id": "33033FLS",
      "name": "Mezzacorona - Pinot Grigio - 750ML",
      "brand": "Mezzacorona",
      "category": "Bier en wijn",
      "unit_size": "75 cl",
      "offer_price": 6.79,
      "normal_price": 6.79,
      "price_per_unit": 9.05,
      "price_unit": "l",
      "discount_tag": "2e halve prijs",
      "promo_title": "Mezzacorona",
      "validity": "wo 10 t/m di 16 dec",
      "image_url": "https://www.jumbo.com/dam-images/fit-in/360x360/Products/05112025_1762349643442_1762349646674_8004305000088_1.png",
      "source_url": "https://www.jumbo.com/aanbiedingen/mezzacorona/3013036"
    },
    {
      "id": "686072FLS",
      "name": "Mezzacorona - Pinot Grigio - Rosé 'Premium Collection' - 750ML",
      "brand": "Mezzacorona",
      "category": "Bier en wijn",
      "unit_size": "75 cl",
      "offer_price": 9.99,
      "normal_price": 9.99,
      "price_per_unit": 13.32,
      "price_unit": "l",
      "discount_tag": "2e halve prijs",
      "promo_title": "Mezzacorona",
      "validity": "wo 10 t/m di 16 dec",
      "image_url": "https://www.jumbo.com/dam-images/fit-in/360x360/Products/26052025_1748244748214_1748244751812_8004305002426_1.png",
      "source_url": "https://www.jumbo.com/aanbiedingen/mezzacorona/3013036"
    },
    {
      "id": "37138FLS",
      "name": "Mezzacorona - Merlot - 750ML",
      "brand": "Mezzacorona",
      "category": "Bier en wijn",
      "unit_size": "75 cl",
      "offer_price": 6.79,
      "normal_price": 6.79,
      "price_per_unit": 9.05,
      "price_unit": "l",
      "discount_tag": "2e halve prijs",
      "promo_title": "Mezzacorona",
      "validity": "wo 10 t/m di 16 dec",
      "image_url": "https://www.jumbo.com/dam-images/fit-in/360x360/Products/26112025_1764142439574_1764142444698_37138_FLS_08004305000064_C1N1.png",
      "source_url": "https://www.jumbo.com/aanbiedingen/mezzacorona/3013036"
    },
    {
      "id": "380757FLS",
      "name": "Mezzacorona - Pinot Bianco - 750ML",
      "brand": "Mezzacorona",
      "category": "Bier en wijn",
      "unit_size": "75 cl",
      "offer_price": 6.79,
      "normal_price": 6.79,
      "price_per_unit": 9.05,
      "price_unit": "l",
      "discount_tag": "2e halve prijs",
      "promo_title": "Mezzacorona",
      "validity": "wo 10 t/m di 16 dec",
      "image_url": "https://www.jumbo.com/dam-images/fit-in/360x360/Products/05112025_1762349644168_1762349647184_8004305000149_1.png",
      "source_url": "https://www.jumbo.com/aanbiedingen/mezzacorona/3013036"
    },
    {
      "id": "232654FLS",
      "name": "Mezzacorona - Pinot Grigio - Rosé - 750ML",
      "brand": "Mezzacorona",
      "category": "Bier en wijn",
      "unit_size": "75 cl",
      "offer_price": 6.79,
      "normal_price": 6.79,
      "price_per_unit": 9.05,
      "price_unit": "l",
      "discount_tag": "2e halve prijs",
      "promo_title": "Mezzacorona",
      "validity": "wo 10 t/m di 16 dec",
      "image_url": "https://www.jumbo.com/dam-images/fit-in/360x360/Products/26112025_1764125883845_1764125889193_232654_FLS_08004305000613_C1N1.png",
      "source_url": "https://www.jumbo.com/aanbiedingen/mezzacorona/3013036"
    },
    {
      "id": "37223FLS",
      "name": "Mezzacorona - Teroldego - Rotaliano DOC - 750ML",
      "brand": "Mezzacorona",
      "category": "Bier en wijn",
      "unit_size": "75 cl",
      "offer_price": 6.79,
      "normal_price": 6.79,
      "price_per_unit": 9.05,
      "price_unit": "l",
      "discount_tag": "2e halve prijs",
      "promo_title": "Mezzacorona",
      "validity": "wo 10 t/m di 16 dec",
      "image_url": "https://www.jumbo.com/dam-images/fit-in/360x360/Products/26112025_1764132258475_1764132264157_37223_FLS_08004305000019_C1N1.png",
      "source_url": "https://www.jumbo.com/aanbiedingen/mezzacorona/3013036"
    },
    {
      "id": "637287FLS",
      "name": "Mezzacorona - Redei Passi - 750ML",
      "brand": "Mezzacorona",
      "category": "Bier en wijn",
      "unit_size": "75 cl",
      "offer_price": 6.79,
      "normal_price": 6.79,
      "price_per_unit": 9.05,
      "price_unit": "l",
      "discount_tag": "2e halve prijs",
      "promo_title": "Mezzacorona",
      "validity": "wo 10 t/m di 16 dec",
      "image_url": "https://www.jumbo.com/dam-images/fit-in/360x360/Products/05112025_1762349644542_1762349647614_8004305004581_1.png",
      "source_url": "https://www.jumbo.com/aanbiedingen/mezzacorona/3013036"
    },
    {
      "id": "516942FLS",
      "name": "Mezzacorona Insieme - Teroldego - Merlot - 750ML",
      "brand": "Mezzacorona",
      "category": "Bier en wijn",
      "unit_size": "75 cl",
      "offer_price": 9.99,
      "normal_price": 9.99,
      "price_per_unit": 13.32,
      "price_unit": "l",
      "discount_tag": "2e halve prijs",
      "promo_title": "Mezzacorona",
      "validity": "wo 10 t/m di 16 dec",
      "image_url": "https://www.jumbo.com/dam-images/fit-in/360x360/Products/516942_8004305004383_1_T1_516942FLS1691135859545.png",
      "source_url": "https://www.jumbo.com/aanbiedingen/mezzacorona/3013036"
    },
    {
      "id": "270398FLS",
      "name": "Mezzacorona - Pinot Grigio - Riserva - 750ML",
      "brand": "Mezzacorona",
      "category": "Bier en wijn",
      "unit_size": "75 cl",
      "offer_price": 9.99,
      "normal_price": 9.99,
      "price_per_unit": 13.32,
      "price_unit": "l",
      "discount_tag": "2e halve prijs",
      "promo_title": "Mezzacorona",
      "validity": "wo 10 t/m di 16 dec",
      "image_url": "https://www.jumbo.com/dam-images/fit-in/360x360/Products/09092025_1757380222198_1757380223063_270398_FLS_08004305002105_A1N1.png",
      "source_url": "https://www.jumbo.com/aanbiedingen/mezzacorona/3013036"
    },
    {
      "id": "192936STK",
      "name": "xx",
      "brand": "Leffe",
      "category": "Bier en wijn",
      "unit_size": null,
      "offer_price": 4.88,
      "normal_price": 6.51,
      "price_per_unit": 3.62,
      "price_unit": "l",
      "discount_tag": "25% korting",
      "promo_title": "Speciaalbieren van Hertog Jan, Leffe, Grolsch, Brand of Texels",
      "validity": "wo 3 t/m wo 31 dec",
      "image_url": "",
      "source_url": "https://www.jumbo.com/aanbiedingen/speciaalbieren-van-hertog-jan-leffe-grolsch-brand-of-texels/3011997"
    },
    {
      "id": "150856PAK",
      "name": "Brand Winterbock Bier Fles 6 x 300ml",
      "brand": "Brand",
      "category": "Bier en wijn",
      "unit_size": "6 x 30 CL",
      "offer_price": 6.48,
      "normal_price": 8.65,
      "price_per_unit": 3.6,
      "price_unit": "l",
      "discount_tag": "25% korting",
      "promo_title": "Speciaalbieren van Hertog Jan, Leffe, Grolsch, Brand of Texels",
      "validity": "wo 3 t/m wo 31 dec",
      "image_url": "https://www.jumbo.com/dam-images/fit-in/360x360/Products/12122025_1765531983028_1765532036407_87232288_596.png",
      "source_url": "https://www.jumbo.com/aanbiedingen/speciaalbieren-van-hertog-jan-leffe-grolsch-brand-of-texels/3011997"
    },
    {
      "id": "178121FLS",
      "name": "Texels Tuunwal Tripel Bier Fles 300ml",
      "brand": "Texels",
      "category": "Bier en wijn",
      "unit_size": "30 CL",
      "offer_price": 1.64,
      "normal_price": 2.19,
      "price_per_unit": 5.47,
      "price_unit": "l",
      "discount_tag": "25% korting",
      "promo_title": "Speciaalbieren van Hertog Jan, Leffe, Grolsch, Brand of Texels",
      "validity": "wo 3 t/m wo 31 dec",
      "image_url": "https://www.jumbo.com/dam-images/fit-in/360x360/Products/12122025_1765531983051_1765531986338_8717903630037_1.png",
      "source_url": "https://www.jumbo.com/aanbiedingen/speciaalbieren-van-hertog-jan-leffe-grolsch-brand-of-texels/3011997"
    },
    {
      "id": "668933BLK",
      "name": "Texels Skuumkoppe Tarwebier Blik 500 ml",
      "brand": "Texels",
      "category": "Bier en wijn",
      "unit_size": "500 ml",
      "offer_price": 1.98,
      "normal_price": 2.65,
      "price_per_unit": 5.3,
      "price_unit": "l",
      "discount_tag": "25% korting",
      "promo_title": "Speciaalbieren van Hertog Jan, Leffe, Grolsch, Brand of Texels",
      "validity": "wo 3 t/m wo 31 dec",
      "image_url": "https://www.jumbo.com/dam-images/fit-in/360x360/Products/12122025_1765546381738_1765546387927_8712000062149_1.png",
      "source_url": "https://www.jumbo.com/aanbiedingen/speciaalbieren-van-hertog-jan-leffe-grolsch-brand-of-texels/3011997"
    },
    {
      "id": "634733DS",
      "name": "Grolsch Weizenbock 6x330ML",
      "brand": "Grolsch",
      "category": "Bier en wijn",
      "unit_size": null,
      "offer_price": 5.91,
      "normal_price": 7.89,
      "price_per_unit": 3.28,
      "price_unit": "l",
      "discount_tag": "25% korting",
      "promo_title": "Speciaalbieren van Hertog Jan, Leffe, Grolsch, Brand of Texels",
      "validity": "wo 3 t/m wo 31 dec",
      "image_url": "https://www.jumbo.com/dam-images/fit-in/360x360/Products/08716700019441H1N11fdd6cdd7-4dd3-404c-b6d0-068a86c1071a-1758099304309.png",
      "source_url": "https://www.jumbo.com/aanbiedingen/speciaalbieren-van-hertog-jan-leffe-grolsch-brand-of-texels/3011997"
    },
    {
      "id": "535666PAK",
      "name": "Leffe - Blond Belgisch Abdijbier - Blik - 6 x 330ML",
      "brand": "Leffe",
      "category": "Bier en wijn",
      "unit_size": null,
      "offer_price": 7.11,
      "normal_price": 9.49,
      "price_per_unit": 3.59,
      "price_unit": "l",
      "discount_tag": "25% korting",
      "promo_title": "Speciaalbieren van Hertog Jan, Leffe, Grolsch, Brand of Texels",
      "validity": "wo 3 t/m wo 31 dec",
      "image_url": "https://www.jumbo.com/dam-images/fit-in/360x360/Products/198120PAK-1692362499702.png",
      "source_url": "https://www.jumbo.com/aanbiedingen/speciaalbieren-van-hertog-jan-leffe-grolsch-brand-of-texels/3011997"
    },
    {
      "id": "538457TRA",
      "name": "Leffe Belgisch Abdijbier Blond Subtiel Vleugje Vanille en Kruidnagel Blikken 4 x 50 cl",
      "brand": "Leffe",
      "category": "Bier en wijn",
      "unit_size": "4 x 50 cl",
      "offer_price": 6.36,
      "normal_price": 8.49,
      "price_per_unit": 3.18,
      "price_unit": "l",
      "discount_tag": "25% korting",
      "promo_title": "Speciaalbieren van Hertog Jan, Leffe, Grolsch, Brand of Texels",
      "validity": "wo 3 t/m wo 31 dec",
      "image_url": "https://www.jumbo.com/dam-images/fit-in/360x360/Products/05112025_1762360410527_1762360415496_5410228304531_1.png",
      "source_url": "https://www.jumbo.com/aanbiedingen/speciaalbieren-van-hertog-jan-leffe-grolsch-brand-of-texels/3011997"
    },
    {
      "id": "602544DS",
      "name": "Brand Krachtig Blond Bier Fles 6 x 300ml",
      "brand": "Brand",
      "category": "Bier en wijn",
      "unit_size": null,
      "offer_price": 6.48,
      "normal_price": 8.65,
      "price_per_unit": 3.6,
      "price_unit": "l",
      "discount_tag": "25% korting",
      "promo_title": "Speciaalbieren van Hertog Jan, Leffe, Grolsch, Brand of Texels",
      "validity": "wo 3 t/m wo 31 dec",
      "image_url": "https://www.jumbo.com/dam-images/fit-in/360x360/Products/0441d4a5287e4a06b441f46a189875d308d45a01-e520-4f97-aa42-d76a8e218b1b-1727702154440.png",
      "source_url": "https://www.jumbo.com/aanbiedingen/speciaalbieren-van-hertog-jan-leffe-grolsch-brand-of-texels/3011997"
    },
    {
      "id": "617607PAK",
      "name": "Leffe Ruby Belgisch Abdijbier- Fles -  6 x 300ML",
      "brand": "Leffe",
      "category": "Bier en wijn",
      "unit_size": null,
      "offer_price": 6.26,
      "normal_price": 8.35,
      "price_per_unit": 3.48,
      "price_unit": "l",
      "discount_tag": "25% korting",
      "promo_title": "Speciaalbieren van Hertog Jan, Leffe, Grolsch, Brand of Texels",
      "validity": "wo 3 t/m wo 31 dec",
      "image_url": "https://www.jumbo.com/dam-images/fit-in/360x360/Products/05410228205678H1N1f1c062ea-47d6-4c0e-9203-96844767116f-1709823975601.png",
      "source_url": "https://www.jumbo.com/aanbiedingen/speciaalbieren-van-hertog-jan-leffe-grolsch-brand-of-texels/3011997"
    },
    {
      "id": "567470PAK",
      "name": "Hertog Jan Weizener Tarwebier Blikken 6 x 33 cl",
      "brand": "Hertog Jan",
      "category": "Bier en wijn",
      "unit_size": "6 x 33 cl",
      "offer_price": 6.74,
      "normal_price": 8.99,
      "price_per_unit": 3.4,
      "price_unit": "l",
      "discount_tag": "25% korting",
      "promo_title": "Speciaalbieren van Hertog Jan, Leffe, Grolsch, Brand of Texels",
      "validity": "wo 3 t/m wo 31 dec",
      "image_url": "https://www.jumbo.com/dam-images/fit-in/360x360/Products/12112025_1762965192186_1762965198287_8725000660246_1.png",
      "source_url": "https://www.jumbo.com/aanbiedingen/speciaalbieren-van-hertog-jan-leffe-grolsch-brand-of-texels/3011997"
    },
    {
      "id": "468678FLS",
      "name": "Texels Skiller Wit Bier Fles 300ml",
      "brand": "Texels",
      "category": "Bier en wijn",
      "unit_size": "30 CL",
      "offer_price": 1.49,
      "normal_price": 1.99,
      "price_per_unit": 4.97,
      "price_unit": "l",
      "discount_tag": "25% korting",
      "promo_title": "Speciaalbieren van Hertog Jan, Leffe, Grolsch, Brand of Texels",
      "validity": "wo 3 t/m wo 31 dec",
      "image_url": "https://www.jumbo.com/dam-images/fit-in/360x360/Products/12122025_1765531984025_1765531987703_8717903630006_1.png",
      "source_url": "https://www.jumbo.com/aanbiedingen/speciaalbieren-van-hertog-jan-leffe-grolsch-brand-of-texels/3011997"
    },
    {
      "id": "602543DS",
      "name": "Texels Skuumkoppe Bier Blik 4 x 330ml",
      "brand": "Texels",
      "category": "Bier en wijn",
      "unit_size": "4 x 330 ml",
      "offer_price": 5.73,
      "normal_price": 7.65,
      "price_per_unit": 4.34,
      "price_unit": "l",
      "discount_tag": "25% korting",
      "promo_title": "Speciaalbieren van Hertog Jan, Leffe, Grolsch, Brand of Texels",
      "validity": "wo 3 t/m wo 31 dec",
      "image_url": "https://www.jumbo.com/dam-images/fit-in/360x360/Products/12122025_1765531983509_1765531990234_8712000061807_1.png",
      "source_url": "https://www.jumbo.com/aanbiedingen/speciaalbieren-van-hertog-jan-leffe-grolsch-brand-of-texels/3011997"
    },
    {
      "id": "153947PAK",
      "name": "Brand IPA Bier Fles 6 x 300ml",
      "brand": "Brand",
      "category": "Bier en wijn",
      "unit_size": "6 x 30 CL",
      "offer_price": 6.74,
      "normal_price": 8.99,
      "price_per_unit": 3.74,
      "price_unit": "l",
      "discount_tag": "25% korting",
      "promo_title": "Speciaalbieren van Hertog Jan, Leffe, Grolsch, Brand of Texels",
      "validity": "wo 3 t/m wo 31 dec",
      "image_url": "https://www.jumbo.com/dam-images/fit-in/360x360/Products/07012025_1736267672682_1736267681935_87232370_1.png",
      "source_url": "https://www.jumbo.com/aanbiedingen/speciaalbieren-van-hertog-jan-leffe-grolsch-brand-of-texels/3011997"
    },
    {
      "id": "387033STK",
      "name": "Grolsch Herfstbok Speciaalbier 30cl fles",
      "brand": "Grolsch",
      "category": "Bier en wijn",
      "unit_size": null,
      "offer_price": 4.86,
      "normal_price": 6.49,
      "price_per_unit": 3.61,
      "price_unit": "l",
      "discount_tag": "25% korting",
      "promo_title": "Speciaalbieren van Hertog Jan, Leffe, Grolsch, Brand of Texels",
      "validity": "wo 3 t/m wo 31 dec",
      "image_url": "",
      "source_url": "https://www.jumbo.com/aanbiedingen/speciaalbieren-van-hertog-jan-leffe-grolsch-brand-of-texels/3011997"
    },
    {
      "id": "431033DS",
      "name": "Hertog Jan Grand Prestige Bier Flessen 6 x 30 cl",
      "brand": "Hertog Jan",
      "category": "Bier en wijn",
      "unit_size": "6 x 30 CL",
      "offer_price": 7.49,
      "normal_price": 9.99,
      "price_per_unit": 4.16,
      "price_unit": "l",
      "discount_tag": "25% korting",
      "promo_title": "Speciaalbieren van Hertog Jan, Leffe, Grolsch, Brand of Texels",
      "validity": "wo 3 t/m wo 31 dec",
      "image_url": "https://www.jumbo.com/dam-images/fit-in/360x360/Products/11122025_1765459971809_1765459977860_8725000656119_1.png",
      "source_url": "https://www.jumbo.com/aanbiedingen/speciaalbieren-van-hertog-jan-leffe-grolsch-brand-of-texels/3011997"
    },
    {
      "id": "508082PAK",
      "name": "Hertog Jan Weizener Tarwebier Flessen 6 x 30 cl",
      "brand": "Hertog Jan",
      "category": "Bier en wijn",
      "unit_size": "6 x 30 CL",
      "offer_price": 5.69,
      "normal_price": 7.59,
      "price_per_unit": 4.22,
      "price_unit": "l",
      "discount_tag": "25% korting",
      "promo_title": "Speciaalbieren van Hertog Jan, Leffe, Grolsch, Brand of Texels",
      "validity": "wo 3 t/m wo 31 dec",
      "image_url": "https://www.jumbo.com/dam-images/fit-in/360x360/Products/05112025_1762360410496_1762360417414_8725000641146_1.png",
      "source_url": "https://www.jumbo.com/aanbiedingen/speciaalbieren-van-hertog-jan-leffe-grolsch-brand-of-texels/3011997"
    },
    {
      "id": "717134PAK",
      "name": "Grolsch - Krachtig Kanon - Fles - 6 x 300ML",
      "brand": "Grolsch",
      "category": "Bier en wijn",
      "unit_size": null,
      "offer_price": 6.74,
      "normal_price": 8.99,
      "price_per_unit": 3.74,
      "price_unit": "l",
      "discount_tag": "25% korting",
      "promo_title": "Speciaalbieren van Hertog Jan, Leffe, Grolsch, Brand of Texels",
      "validity": "wo 3 t/m wo 31 dec",
      "image_url": "https://www.jumbo.com/dam-images/fit-in/360x360/Products/08716700009244H1N1bd3d9a48-7d1b-412e-86b7-0b716c3f5604-1758097499916.png",
      "source_url": "https://www.jumbo.com/aanbiedingen/speciaalbieren-van-hertog-jan-leffe-grolsch-brand-of-texels/3011997"
    },
    {
      "id": "35966PAK",
      "name": "Brand Oud Bruin Bier Fles 6 x 300ml",
      "brand": "Brand",
      "category": "Bier en wijn",
      "unit_size": "6 x 30 CL",
      "offer_price": 4.98,
      "normal_price": 6.65,
      "price_per_unit": 2.77,
      "price_unit": "l",
      "discount_tag": "25% korting",
      "promo_title": "Speciaalbieren van Hertog Jan, Leffe, Grolsch, Brand of Texels",
      "validity": "wo 3 t/m wo 31 dec",
      "image_url": "https://www.jumbo.com/dam-images/fit-in/360x360/Products/07012025_1736267672343_1736267679625_87232196_1.png",
      "source_url": "https://www.jumbo.com/aanbiedingen/speciaalbieren-van-hertog-jan-leffe-grolsch-brand-of-texels/3011997"
    },
    {
      "id": "161821PAK",
      "name": "Grolsch Gerijpte Herfstbok 6x300ML",
      "brand": "Grolsch",
      "category": "Bier en wijn",
      "unit_size": null,
      "offer_price": 6.59,
      "normal_price": 8.79,
      "price_per_unit": 3.66,
      "price_unit": "l",
      "discount_tag": "25% korting",
      "promo_title": "Speciaalbieren van Hertog Jan, Leffe, Grolsch, Brand of Texels",
      "validity": "wo 3 t/m wo 31 dec",
      "image_url": "https://www.jumbo.com/dam-images/fit-in/360x360/Products/08716700016808H1N15e095e41-fa32-4a18-82d0-ef787602b0e2-1727789665852.png",
      "source_url": "https://www.jumbo.com/aanbiedingen/speciaalbieren-van-hertog-jan-leffe-grolsch-brand-of-texels/3011997"
    },
    {
      "id": "621336PAK",
      "name": "RAD Texel skuumkoppe",
      "brand": "Texels",
      "category": "Bier en wijn",
      "unit_size": null,
      "offer_price": 7.05,
      "normal_price": 9.4,
      "price_per_unit": 5.22,
      "price_unit": "l",
      "discount_tag": "25% korting",
      "promo_title": "Speciaalbieren van Hertog Jan, Leffe, Grolsch, Brand of Texels",
      "validity": "wo 3 t/m wo 31 dec",
      "image_url": "",
      "source_url": "https://www.jumbo.com/aanbiedingen/speciaalbieren-van-hertog-jan-leffe-grolsch-brand-of-texels/3011997"
    },
    {
      "id": "706663PAK",
      "name": "Leffe - Bruin Belgisch Abdijbier - Fles - 6 x 300ML",
      "brand": "Leffe",
      "category": "Bier en wijn",
      "unit_size": null,
      "offer_price": 6.48,
      "normal_price": 8.65,
      "price_per_unit": 3.6,
      "price_unit": "l",
      "discount_tag": "25% korting",
      "promo_title": "Speciaalbieren van Hertog Jan, Leffe, Grolsch, Brand of Texels",
      "validity": "wo 3 t/m wo 31 dec",
      "image_url": "https://www.jumbo.com/dam-images/fit-in/360x360/Products/09082023_1691587662196_1691587676950_8725000468538_1.png",
      "source_url": "https://www.jumbo.com/aanbiedingen/speciaalbieren-van-hertog-jan-leffe-grolsch-brand-of-texels/3011997"
    },
    {
      "id": "418347KRT",
      "name": "Leffe - Blond - Krat - 24 x 250ML",
      "brand": "Leffe",
      "category": "Bier en wijn",
      "unit_size": null,
      "offer_price": 14.99,
      "normal_price": 19.99,
      "price_per_unit": 2.5,
      "price_unit": "l",
      "discount_tag": "25% korting",
      "promo_title": "Speciaalbieren van Hertog Jan, Leffe, Grolsch, Brand of Texels",
      "validity": "wo 3 t/m wo 31 dec",
      "image_url": "https://www.jumbo.com/dam-images/fit-in/360x360/Products/05410228280705H1N18aa716a6-5311-464b-90f2-86f0847d47be-1713366879675.png",
      "source_url": "https://www.jumbo.com/aanbiedingen/speciaalbieren-van-hertog-jan-leffe-grolsch-brand-of-texels/3011997"
    },
    {
      "id": "589354PAK",
      "name": "Hertog Jan Tripel Bier 6 x 30 cl",
      "brand": "Hertog Jan",
      "category": "Bier en wijn",
      "unit_size": "6 x 30 CL",
      "offer_price": 7.11,
      "normal_price": 9.49,
      "price_per_unit": 3.95,
      "price_unit": "l",
      "discount_tag": "25% korting",
      "promo_title": "Speciaalbieren van Hertog Jan, Leffe, Grolsch, Brand of Texels",
      "validity": "wo 3 t/m wo 31 dec",
      "image_url": "https://www.jumbo.com/dam-images/fit-in/360x360/Products/11122025_1765456386580_1765456392702_8725000656072_1.png",
      "source_url": "https://www.jumbo.com/aanbiedingen/speciaalbieren-van-hertog-jan-leffe-grolsch-brand-of-texels/3011997"
    },
    {
      "id": "546681DS",
      "name": "Texels Skuumkoppe Bier Fles 6 x 300 ml",
      "brand": "Texels",
      "category": "Bier en wijn",
      "unit_size": "6 x 300 ml",
      "offer_price": 7.04,
      "normal_price": 9.39,
      "price_per_unit": 3.91,
      "price_unit": "l",
      "discount_tag": "25% korting",
      "promo_title": "Speciaalbieren van Hertog Jan, Leffe, Grolsch, Brand of Texels",
      "validity": "wo 3 t/m wo 31 dec",
      "image_url": "https://www.jumbo.com/dam-images/fit-in/360x360/Products/12122025_1765531983398_1765532041902_8712000059675_596.png",
      "source_url": "https://www.jumbo.com/aanbiedingen/speciaalbieren-van-hertog-jan-leffe-grolsch-brand-of-texels/3011997"
    },
    {
      "id": "478016PAK",
      "name": "Hertog Jan Bockbier Bier Flessen 6 x 30 cl",
      "brand": "Hertog Jan",
      "category": "Bier en wijn",
      "unit_size": "6 x 30 CL",
      "offer_price": 5.84,
      "normal_price": 7.79,
      "price_per_unit": 3.24,
      "price_unit": "l",
      "discount_tag": "25% korting",
      "promo_title": "Speciaalbieren van Hertog Jan, Leffe, Grolsch, Brand of Texels",
      "validity": "wo 3 t/m wo 31 dec",
      "image_url": "https://www.jumbo.com/dam-images/fit-in/360x360/Products/14112025_1763138045009_1763138051561_8725000423278_1.png",
      "source_url": "https://www.jumbo.com/aanbiedingen/speciaalbieren-van-hertog-jan-leffe-grolsch-brand-of-texels/3011997"
    },
    {
      "id": "536738BLK",
      "name": "Grolsch Herfstbok 500ML",
      "brand": "Grolsch",
      "category": "Bier en wijn",
      "unit_size": null,
      "offer_price": 1.68,
      "normal_price": 2.25,
      "price_per_unit": 3.36,
      "price_unit": "l",
      "discount_tag": "25% korting",
      "promo_title": "Speciaalbieren van Hertog Jan, Leffe, Grolsch, Brand of Texels",
      "validity": "wo 3 t/m wo 31 dec",
      "image_url": "https://www.jumbo.com/dam-images/fit-in/360x360/Products/13092025_1757729597787_1757729612418_536738_BLK_08716700018840_H1N1.png",
      "source_url": "https://www.jumbo.com/aanbiedingen/speciaalbieren-van-hertog-jan-leffe-grolsch-brand-of-texels/3011997"
    },
    {
      "id": "536737PAK",
      "name": "Grolsch Herfstbok 6x330ML",
      "brand": "Grolsch",
      "category": "Bier en wijn",
      "unit_size": null,
      "offer_price": 6.63,
      "normal_price": 8.85,
      "price_per_unit": 3.35,
      "price_unit": "l",
      "discount_tag": "25% korting",
      "promo_title": "Speciaalbieren van Hertog Jan, Leffe, Grolsch, Brand of Texels",
      "validity": "wo 3 t/m wo 31 dec",
      "image_url": "https://www.jumbo.com/dam-images/fit-in/360x360/Products/08716700018864H1N1f2063b5b-bae1-4251-909b-ac9e01665de1-1758098634463.png",
      "source_url": "https://www.jumbo.com/aanbiedingen/speciaalbieren-van-hertog-jan-leffe-grolsch-brand-of-texels/3011997"
    },
    {
      "id": "311813PAK",
      "name": "Grolsch Winterbok 6x300ML",
      "brand": "Grolsch",
      "category": "Bier en wijn",
      "unit_size": null,
      "offer_price": 6.06,
      "normal_price": 8.09,
      "price_per_unit": 3.37,
      "price_unit": "l",
      "discount_tag": "25% korting",
      "promo_title": "Speciaalbieren van Hertog Jan, Leffe, Grolsch, Brand of Texels",
      "validity": "wo 3 t/m wo 31 dec",
      "image_url": "https://www.jumbo.com/dam-images/fit-in/360x360/Products/08716700017225H1N17bfcc2f0-e309-472a-adb5-3696409042d5-1758098438497.png",
      "source_url": "https://www.jumbo.com/aanbiedingen/speciaalbieren-van-hertog-jan-leffe-grolsch-brand-of-texels/3011997"
    },
    {
      "id": "536545BLK",
      "name": "Grolsch - Krachtig Kanon - Blik - 500ML",
      "brand": "Grolsch",
      "category": "Bier en wijn",
      "unit_size": null,
      "offer_price": 1.86,
      "normal_price": 2.49,
      "price_per_unit": 3.72,
      "price_unit": "l",
      "discount_tag": "25% korting",
      "promo_title": "Speciaalbieren van Hertog Jan, Leffe, Grolsch, Brand of Texels",
      "validity": "wo 3 t/m wo 31 dec",
      "image_url": "https://www.jumbo.com/dam-images/fit-in/360x360/Products/18032025_1742263646612_1742263656809_536545_BLK_08716700018833_H1N1.png",
      "source_url": "https://www.jumbo.com/aanbiedingen/speciaalbieren-van-hertog-jan-leffe-grolsch-brand-of-texels/3011997"
    },
    {
      "id": "603600BLK",
      "name": "Grolsch Puur Weizen Bier Blik 500ml",
      "brand": "Grolsch",
      "category": "Bier en wijn",
      "unit_size": "50 CL",
      "offer_price": 1.64,
      "normal_price": 2.19,
      "price_per_unit": 3.28,
      "price_unit": "l",
      "discount_tag": "25% korting",
      "promo_title": "Speciaalbieren van Hertog Jan, Leffe, Grolsch, Brand of Texels",
      "validity": "wo 3 t/m wo 31 dec",
      "image_url": "https://www.jumbo.com/dam-images/fit-in/360x360/Products/27032025_1743054871503_1743054880635_603600_BLK_08716700019137_C1N1.png",
      "source_url": "https://www.jumbo.com/aanbiedingen/speciaalbieren-van-hertog-jan-leffe-grolsch-brand-of-texels/3011997"
    },
    {
      "id": "603579BLK",
      "name": "Brand Neipa New England IPA Bier Blik 330ml",
      "brand": "Brand",
      "category": "Bier en wijn",
      "unit_size": "330 ml",
      "offer_price": 1.26,
      "normal_price": 1.69,
      "price_per_unit": 3.82,
      "price_unit": "l",
      "discount_tag": "25% korting",
      "promo_title": "Speciaalbieren van Hertog Jan, Leffe, Grolsch, Brand of Texels",
      "validity": "wo 3 t/m wo 31 dec",
      "image_url": "https://www.jumbo.com/dam-images/fit-in/360x360/Products/12122025_1765531983720_1765531990134_8723200102672_1.png",
      "source_url": "https://www.jumbo.com/aanbiedingen/speciaalbieren-van-hertog-jan-leffe-grolsch-brand-of-texels/3011997"
    },
    {
      "id": "386176FLS",
      "name": "Texels Overzee IPA Bier Fles 300ml",
      "brand": "Texels",
      "category": "Bier en wijn",
      "unit_size": null,
      "offer_price": 1.71,
      "normal_price": 2.29,
      "price_per_unit": 5.7,
      "price_unit": "l",
      "discount_tag": "25% korting",
      "promo_title": "Speciaalbieren van Hertog Jan, Leffe, Grolsch, Brand of Texels",
      "validity": "wo 3 t/m wo 31 dec",
      "image_url": "https://www.jumbo.com/dam-images/fit-in/360x360/Products/19112025_1763554272523_1763554316518_386176_FLS_08717903631287_A1N1.png",
      "source_url": "https://www.jumbo.com/aanbiedingen/speciaalbieren-van-hertog-jan-leffe-grolsch-brand-of-texels/3011997"
    },
    {
      "id": "536544PAK",
      "name": "Leffe - Bruin Belgisch Abdijbier - Blik - 6 x 330ML",
      "brand": "Leffe",
      "category": "Bier en wijn",
      "unit_size": null,
      "offer_price": 6.66,
      "normal_price": 8.89,
      "price_per_unit": 3.36,
      "price_unit": "l",
      "discount_tag": "25% korting",
      "promo_title": "Speciaalbieren van Hertog Jan, Leffe, Grolsch, Brand of Texels",
      "validity": "wo 3 t/m wo 31 dec",
      "image_url": "https://www.jumbo.com/dam-images/fit-in/360x360/Products/200605PAK-1692362648828.png",
      "source_url": "https://www.jumbo.com/aanbiedingen/speciaalbieren-van-hertog-jan-leffe-grolsch-brand-of-texels/3011997"
    },
    {
      "id": "707295PAK",
      "name": "Leffe - Tripel Belgisch Abdijbier - Fles - 6 x 300ML",
      "brand": "Leffe",
      "category": "Bier en wijn",
      "unit_size": null,
      "offer_price": 7.49,
      "normal_price": 9.99,
      "price_per_unit": 4.16,
      "price_unit": "l",
      "discount_tag": "25% korting",
      "promo_title": "Speciaalbieren van Hertog Jan, Leffe, Grolsch, Brand of Texels",
      "validity": "wo 3 t/m wo 31 dec",
      "image_url": "https://www.jumbo.com/dam-images/fit-in/360x360/Products/09082023_1691587662247_1691587678189_8725000539085_1.png",
      "source_url": "https://www.jumbo.com/aanbiedingen/speciaalbieren-van-hertog-jan-leffe-grolsch-brand-of-texels/3011997"
    },
    {
      "id": "681879FLS",
      "name": "Texels Frisse Wiend Bier Fles 300ml",
      "brand": "Texels",
      "category": "Bier en wijn",
      "unit_size": null,
      "offer_price": 1.94,
      "normal_price": 2.59,
      "price_per_unit": 6.47,
      "price_unit": "l",
      "discount_tag": "25% korting",
      "promo_title": "Speciaalbieren van Hertog Jan, Leffe, Grolsch, Brand of Texels",
      "validity": "wo 3 t/m wo 31 dec",
      "image_url": "https://www.jumbo.com/dam-images/fit-in/360x360/Products/22112025_1763787758545_1763787783307_681879_FLS_08717903632239_H1N1.png",
      "source_url": "https://www.jumbo.com/aanbiedingen/speciaalbieren-van-hertog-jan-leffe-grolsch-brand-of-texels/3011997"
    },
    {
      "id": "162794FLS",
      "name": "Texels Jutters Bock Bier Fles 300ml",
      "brand": "Texels",
      "category": "Bier en wijn",
      "unit_size": "30 CL",
      "offer_price": 1.49,
      "normal_price": 1.99,
      "price_per_unit": 4.97,
      "price_unit": "l",
      "discount_tag": "25% korting",
      "promo_title": "Speciaalbieren van Hertog Jan, Leffe, Grolsch, Brand of Texels",
      "validity": "wo 3 t/m wo 31 dec",
      "image_url": "https://www.jumbo.com/dam-images/fit-in/360x360/Products/12122025_1765531983047_1765531986163_8717903630044_1.png",
      "source_url": "https://www.jumbo.com/aanbiedingen/speciaalbieren-van-hertog-jan-leffe-grolsch-brand-of-texels/3011997"
    },
    {
      "id": "536305PAK",
      "name": "Leffe Tripel 4x330ML",
      "brand": "Leffe",
      "category": "Bier en wijn",
      "unit_size": null,
      "offer_price": 5.99,
      "normal_price": 7.99,
      "price_per_unit": 4.54,
      "price_unit": "l",
      "discount_tag": "25% korting",
      "promo_title": "Speciaalbieren van Hertog Jan, Leffe, Grolsch, Brand of Texels",
      "validity": "wo 3 t/m wo 31 dec",
      "image_url": "https://www.jumbo.com/dam-images/fit-in/360x360/Products/536305_5410228300366_1_T1_223966PAK1691078605351.png",
      "source_url": "https://www.jumbo.com/aanbiedingen/speciaalbieren-van-hertog-jan-leffe-grolsch-brand-of-texels/3011997"
    },
    {
      "id": "602732PAK",
      "name": "Grolsch - Puur Weizen - Fles - 6 x 300ML",
      "brand": "Grolsch",
      "category": "Bier en wijn",
      "unit_size": "6 x 30 CL",
      "offer_price": 5.61,
      "normal_price": 7.49,
      "price_per_unit": 3.12,
      "price_unit": "l",
      "discount_tag": "25% korting",
      "promo_title": "Speciaalbieren van Hertog Jan, Leffe, Grolsch, Brand of Texels",
      "validity": "wo 3 t/m wo 31 dec",
      "image_url": "https://www.jumbo.com/dam-images/fit-in/360x360/Products/08716700019298H1N1d5566fa1-31b6-4045-9da7-bf18dadc86a1-1758098946625.png",
      "source_url": "https://www.jumbo.com/aanbiedingen/speciaalbieren-van-hertog-jan-leffe-grolsch-brand-of-texels/3011997"
    },
    {
      "id": "65321PAK",
      "name": "Brand Weizen Bier Fles 6 x 300ml",
      "brand": "Brand",
      "category": "Bier en wijn",
      "unit_size": "6 x 30 CL",
      "offer_price": 5.46,
      "normal_price": 7.29,
      "price_per_unit": 3.03,
      "price_unit": "l",
      "discount_tag": "25% korting",
      "promo_title": "Speciaalbieren van Hertog Jan, Leffe, Grolsch, Brand of Texels",
      "validity": "wo 3 t/m wo 31 dec",
      "image_url": "https://www.jumbo.com/dam-images/fit-in/360x360/Products/07012025_1736267672501_1736267679971_87232233_1.png",
      "source_url": "https://www.jumbo.com/aanbiedingen/speciaalbieren-van-hertog-jan-leffe-grolsch-brand-of-texels/3011997"
    },
    {
      "id": "57827PAK",
      "name": "Brand Dubbelbock Bier Fles 6 x 300ml",
      "brand": "Brand",
      "category": "Bier en wijn",
      "unit_size": "6 x 30 CL",
      "offer_price": 5.54,
      "normal_price": 7.39,
      "price_per_unit": 3.08,
      "price_unit": "l",
      "discount_tag": "25% korting",
      "promo_title": "Speciaalbieren van Hertog Jan, Leffe, Grolsch, Brand of Texels",
      "validity": "wo 3 t/m wo 31 dec",
      "image_url": "https://www.jumbo.com/dam-images/fit-in/360x360/Products/12122025_1765535556689_1765535605851_87232226_596.png",
      "source_url": "https://www.jumbo.com/aanbiedingen/speciaalbieren-van-hertog-jan-leffe-grolsch-brand-of-texels/3011997"
    },
    {
      "id": "702957DS",
      "name": "Leffe Winterbier 6x330ML",
      "brand": "Leffe",
      "category": "Bier en wijn",
      "unit_size": null,
      "offer_price": 6.51,
      "normal_price": 8.69,
      "price_per_unit": 3.29,
      "price_unit": "l",
      "discount_tag": "25% korting",
      "promo_title": "Speciaalbieren van Hertog Jan, Leffe, Grolsch, Brand of Texels",
      "validity": "wo 3 t/m wo 31 dec",
      "image_url": "https://www.jumbo.com/dam-images/fit-in/360x360/Products/05410228251699C1N127a95bfb-656b-4f78-9959-28c9df29d188-1759130457463.png",
      "source_url": "https://www.jumbo.com/aanbiedingen/speciaalbieren-van-hertog-jan-leffe-grolsch-brand-of-texels/3011997"
    },
    {
      "id": "705035FLS",
      "name": "Texels Stormbock Bier Fles 300ml",
      "brand": "Texels",
      "category": "Bier en wijn",
      "unit_size": "30 CL",
      "offer_price": 1.94,
      "normal_price": 2.59,
      "price_per_unit": 6.47,
      "price_unit": "l",
      "discount_tag": "25% korting",
      "promo_title": "Speciaalbieren van Hertog Jan, Leffe, Grolsch, Brand of Texels",
      "validity": "wo 3 t/m wo 31 dec",
      "image_url": "https://www.jumbo.com/dam-images/fit-in/360x360/Products/12122025_1765531984182_1765531987985_8717903630051_1.png",
      "source_url": "https://www.jumbo.com/aanbiedingen/speciaalbieren-van-hertog-jan-leffe-grolsch-brand-of-texels/3011997"
    },
    {
      "id": "431130DS",
      "name": "Hertog Jan Karakter Bier Flessen 6 x 30 cl",
      "brand": "Hertog Jan",
      "category": "Bier en wijn",
      "unit_size": "6 x 30 CL",
      "offer_price": 6.51,
      "normal_price": 8.69,
      "price_per_unit": 3.62,
      "price_unit": "l",
      "discount_tag": "25% korting",
      "promo_title": "Speciaalbieren van Hertog Jan, Leffe, Grolsch, Brand of Texels",
      "validity": "wo 3 t/m wo 31 dec",
      "image_url": "https://www.jumbo.com/dam-images/fit-in/360x360/Products/11122025_1765456386353_1765456393683_8725000656096_1.png",
      "source_url": "https://www.jumbo.com/aanbiedingen/speciaalbieren-van-hertog-jan-leffe-grolsch-brand-of-texels/3011997"
    },
    {
      "id": "368774FLS",
      "name": "Texels Zeebries Blond Bier Fles 300ml",
      "brand": "Texels",
      "category": "Bier en wijn",
      "unit_size": "30 CL",
      "offer_price": 1.49,
      "normal_price": 1.99,
      "price_per_unit": 4.97,
      "price_unit": "l",
      "discount_tag": "25% korting",
      "promo_title": "Speciaalbieren van Hertog Jan, Leffe, Grolsch, Brand of Texels",
      "validity": "wo 3 t/m wo 31 dec",
      "image_url": "https://www.jumbo.com/dam-images/fit-in/360x360/Products/11122025_1765463672289_1765463676314_8717903631102_1.png",
      "source_url": "https://www.jumbo.com/aanbiedingen/speciaalbieren-van-hertog-jan-leffe-grolsch-brand-of-texels/3011997"
    },
    {
      "id": "718610PAK",
      "name": "Grolsch Herfstbok 6x300ML",
      "brand": "Grolsch",
      "category": "Bier en wijn",
      "unit_size": null,
      "offer_price": 5.84,
      "normal_price": 7.79,
      "price_per_unit": 3.24,
      "price_unit": "l",
      "discount_tag": "25% korting",
      "promo_title": "Speciaalbieren van Hertog Jan, Leffe, Grolsch, Brand of Texels",
      "validity": "wo 3 t/m wo 31 dec",
      "image_url": "https://www.jumbo.com/dam-images/fit-in/360x360/Products/08716700002535H1N1caa9d39d-6840-4f22-b4cb-e34088b83a40-1758098501020.png",
      "source_url": "https://www.jumbo.com/aanbiedingen/speciaalbieren-van-hertog-jan-leffe-grolsch-brand-of-texels/3011997"
    },
    {
      "id": "707562PAK",
      "name": "Leffe - Blond Belgisch Abdijbier - Fles - 6 x 300ML",
      "brand": "Leffe",
      "category": "Bier en wijn",
      "unit_size": null,
      "offer_price": 6.48,
      "normal_price": 8.65,
      "price_per_unit": 3.6,
      "price_unit": "l",
      "discount_tag": "25% korting",
      "promo_title": "Speciaalbieren van Hertog Jan, Leffe, Grolsch, Brand of Texels",
      "validity": "wo 3 t/m wo 31 dec",
      "image_url": "https://www.jumbo.com/dam-images/fit-in/360x360/Products/09082023_1691587662300_1691587676527_8725000443795_1.png",
      "source_url": "https://www.jumbo.com/aanbiedingen/speciaalbieren-van-hertog-jan-leffe-grolsch-brand-of-texels/3011997"
    },
    {
      "id": "431035FLS",
      "name": "Texels Springtij Bier Fles 300ml",
      "brand": "Texels",
      "category": "Bier en wijn",
      "unit_size": "30 CL",
      "offer_price": 1.64,
      "normal_price": 2.19,
      "price_per_unit": 5.47,
      "price_unit": "l",
      "discount_tag": "25% korting",
      "promo_title": "Speciaalbieren van Hertog Jan, Leffe, Grolsch, Brand of Texels",
      "validity": "wo 3 t/m wo 31 dec",
      "image_url": "https://www.jumbo.com/dam-images/fit-in/360x360/Products/11122025_1765463672385_1765463676183_8717903630075_1.png",
      "source_url": "https://www.jumbo.com/aanbiedingen/speciaalbieren-van-hertog-jan-leffe-grolsch-brand-of-texels/3011997"
    },
    {
      "id": "96790FLS",
      "name": "Marsigny - Crémant de Bourgogne - Brut - 750 ML",
      "brand": "Marsigny Cremant de Bourgogne",
      "category": "Bier en wijn",
      "unit_size": "750 ml",
      "offer_price": 9.99,
      "normal_price": 11.99,
      "price_per_unit": 13.32,
      "price_unit": "l",
      "discount_tag": "voor 9,99",
      "promo_title": "Marsigny Cremant de Bourgogne of Freixenet cava",
      "validity": "wo 3 t/m wo 31 dec",
      "image_url": "https://www.jumbo.com/dam-images/fit-in/360x360/Products/05112025_1762353185638_1762353188910_3371808000736_1.png",
      "source_url": "https://www.jumbo.com/aanbiedingen/marsigny-cremant-de-bourgogne-of-freixenet-cava/3012076"
    },
    {
      "id": "177692STK",
      "name": "Freixenet - Cordon Negro - Cava - Brut - 750 ML",
      "brand": "Freixenet",
      "category": "Bier en wijn",
      "unit_size": "750 ml",
      "offer_price": 9.99,
      "normal_price": 11.99,
      "price_per_unit": 13.32,
      "price_unit": "l",
      "discount_tag": "voor 9,99",
      "promo_title": "Marsigny Cremant de Bourgogne of Freixenet cava",
      "validity": "wo 3 t/m wo 31 dec",
      "image_url": "https://www.jumbo.com/dam-images/fit-in/360x360/Products/31072025_1753928152199_1753928153963_177692_STK_08410036009090_C1N1.png",
      "source_url": "https://www.jumbo.com/aanbiedingen/marsigny-cremant-de-bourgogne-of-freixenet-cava/3012076"
    },
    {
      "id": "468722DS",
      "name": "Birra Moretti L'Autentica Bier Fles 6 x 300ml",
      "brand": "Birra Moretti",
      "category": "Bier en wijn",
      "unit_size": "6 x 30 cl",
      "offer_price": 7.39,
      "normal_price": 7.39,
      "price_per_unit": 4.11,
      "price_unit": "l",
      "discount_tag": "2e halve prijs",
      "promo_title": "Pils van Heineken, Brand of Birra Moretti",
      "validity": "wo 3 t/m wo 31 dec",
      "image_url": "https://www.jumbo.com/dam-images/fit-in/360x360/Products/12122025_1765535557454_1765535623639_8712000056834_596.png",
      "source_url": "https://www.jumbo.com/aanbiedingen/pils-van-heineken-brand-of-birra-moretti/3012060"
    },
    {
      "id": "538532DS",
      "name": "Birra Moretti L'Autentica Bier Blik 6 x 330ml",
      "brand": "Birra Moretti",
      "category": "Bier en wijn",
      "unit_size": "6 x 330 ML",
      "offer_price": 7.99,
      "normal_price": 7.99,
      "price_per_unit": 4.04,
      "price_unit": "l",
      "discount_tag": "2e halve prijs",
      "promo_title": "Pils van Heineken, Brand of Birra Moretti",
      "validity": "wo 3 t/m wo 31 dec",
      "image_url": "https://www.jumbo.com/dam-images/fit-in/360x360/Products/12122025_1765546381064_1765546439221_8006890390995_596.png",
      "source_url": "https://www.jumbo.com/aanbiedingen/pils-van-heineken-brand-of-birra-moretti/3012060"
    },
    {
      "id": "475209DS",
      "name": "Heineken Silver Bier Draaidop Fles 6 x 250ml",
      "brand": "Heineken",
      "category": "Bier en wijn",
      "unit_size": "6 x 250 ml",
      "offer_price": 7.69,
      "normal_price": 7.69,
      "price_per_unit": 5.13,
      "price_unit": "l",
      "discount_tag": "2e halve prijs",
      "promo_title": "Pils van Heineken, Brand of Birra Moretti",
      "validity": "wo 3 t/m wo 31 dec",
      "image_url": "https://www.jumbo.com/dam-images/fit-in/360x360/Products/07012025_1736267704978_1736267710757_8712000057916_1.png",
      "source_url": "https://www.jumbo.com/aanbiedingen/pils-van-heineken-brand-of-birra-moretti/3012060"
    },
    {
      "id": "538725TRA",
      "name": "Brand Pilsener Bier Blik 6 x 330ml",
      "brand": "Brand",
      "category": "Bier en wijn",
      "unit_size": "6 x 330 ml",
      "offer_price": 7.49,
      "normal_price": 7.49,
      "price_per_unit": 3.78,
      "price_unit": "l",
      "discount_tag": "2e halve prijs",
      "promo_title": "Pils van Heineken, Brand of Birra Moretti",
      "validity": "wo 3 t/m wo 31 dec",
      "image_url": "https://www.jumbo.com/dam-images/fit-in/360x360/Products/12122025_1765535557116_1765535595301_8723200102535_596.png",
      "source_url": "https://www.jumbo.com/aanbiedingen/pils-van-heineken-brand-of-birra-moretti/3012060"
    },
    {
      "id": "539049PAK",
      "name": "Heineken Premium Pilsener Bier Blik 6 x 330ml",
      "brand": "Heineken",
      "category": "Bier en wijn",
      "unit_size": "6 x 330 ml",
      "offer_price": 6.65,
      "normal_price": 6.65,
      "price_per_unit": 3.36,
      "price_unit": "l",
      "discount_tag": "2e halve prijs",
      "promo_title": "Pils van Heineken, Brand of Birra Moretti",
      "validity": "wo 3 t/m wo 31 dec",
      "image_url": "https://www.jumbo.com/dam-images/fit-in/360x360/Products/12122025_1765546381081_1765546390193_8712000058869_596.png",
      "source_url": "https://www.jumbo.com/aanbiedingen/pils-van-heineken-brand-of-birra-moretti/3012060"
    },
    {
      "id": "539050DS",
      "name": "Heineken Silver Bier Blik 6 x 330ml",
      "brand": "Heineken",
      "category": "Bier en wijn",
      "unit_size": "6 x 330 ml.",
      "offer_price": 6.99,
      "normal_price": 6.99,
      "price_per_unit": 3.53,
      "price_unit": "l",
      "discount_tag": "2e halve prijs",
      "promo_title": "Pils van Heineken, Brand of Birra Moretti",
      "validity": "wo 3 t/m wo 31 dec",
      "image_url": "https://www.jumbo.com/dam-images/fit-in/360x360/Products/07012025_1736267674260_1736267679446_8712000058999_1.png",
      "source_url": "https://www.jumbo.com/aanbiedingen/pils-van-heineken-brand-of-birra-moretti/3012060"
    },
    {
      "id": "348744PAK",
      "name": "Brand Pilsener Bier Fles 6 x 300ml",
      "brand": "Brand",
      "category": "Bier en wijn",
      "unit_size": "6 x 30 CL",
      "offer_price": 6.49,
      "normal_price": 6.49,
      "price_per_unit": 3.61,
      "price_unit": "l",
      "discount_tag": "2e halve prijs",
      "promo_title": "Pils van Heineken, Brand of Birra Moretti",
      "validity": "wo 3 t/m wo 31 dec",
      "image_url": "https://www.jumbo.com/dam-images/fit-in/360x360/Products/12122025_1765531983325_1765532035137_8723200102405_596.png",
      "source_url": "https://www.jumbo.com/aanbiedingen/pils-van-heineken-brand-of-birra-moretti/3012060"
    },
    {
      "id": "539092PAK",
      "name": "RAD blik 99x6x33",
      "brand": "Heineken",
      "category": "Bier en wijn",
      "unit_size": null,
      "offer_price": 5.9,
      "normal_price": 5.9,
      "price_per_unit": 2.98,
      "price_unit": "l",
      "discount_tag": "2e halve prijs",
      "promo_title": "Pils van Heineken, Brand of Birra Moretti",
      "validity": "wo 3 t/m wo 31 dec",
      "image_url": "",
      "source_url": "https://www.jumbo.com/aanbiedingen/pils-van-heineken-brand-of-birra-moretti/3012060"
    },
    {
      "id": "59938PAK",
      "name": "Heineken Premium Pilsener Bier Draaidop Fles 12 x 250ml",
      "brand": "Heineken",
      "category": "Bier en wijn",
      "unit_size": "12 x 25 cl",
      "offer_price": 13.89,
      "normal_price": 13.89,
      "price_per_unit": 4.63,
      "price_unit": "l",
      "discount_tag": "2e halve prijs",
      "promo_title": "Pils van Heineken, Brand of Birra Moretti",
      "validity": "wo 3 t/m wo 31 dec",
      "image_url": "https://www.jumbo.com/dam-images/fit-in/360x360/Products/12122025_1765546380755_1765546410716_8712000030957_596.png",
      "source_url": "https://www.jumbo.com/aanbiedingen/pils-van-heineken-brand-of-birra-moretti/3012060"
    },
    {
      "id": "539048PAK",
      "name": "Heineken Premium Pilsener Bier Blik 6 x 500ml",
      "brand": "Heineken",
      "category": "Bier en wijn",
      "unit_size": "6 x 500 ml",
      "offer_price": 8.79,
      "normal_price": 8.79,
      "price_per_unit": 2.93,
      "price_unit": "l",
      "discount_tag": "2e halve prijs",
      "promo_title": "Pils van Heineken, Brand of Birra Moretti",
      "validity": "wo 3 t/m wo 31 dec",
      "image_url": "https://www.jumbo.com/dam-images/fit-in/360x360/Products/07012025_1736267694111_1736267699195_8712000059057_1.png",
      "source_url": "https://www.jumbo.com/aanbiedingen/pils-van-heineken-brand-of-birra-moretti/3012060"
    },
    {
      "id": "59937TRA",
      "name": "Heineken Premium Pilsener Bier Draaidop Fles 6 x 250ml",
      "brand": "Heineken",
      "category": "Bier en wijn",
      "unit_size": "6 x 25 cl",
      "offer_price": 7.69,
      "normal_price": 7.69,
      "price_per_unit": 5.13,
      "price_unit": "l",
      "discount_tag": "2e halve prijs",
      "promo_title": "Pils van Heineken, Brand of Birra Moretti",
      "validity": "wo 3 t/m wo 31 dec",
      "image_url": "https://www.jumbo.com/dam-images/fit-in/360x360/Products/12122025_1765546380698_1765546410790_8712000031053_596.png",
      "source_url": "https://www.jumbo.com/aanbiedingen/pils-van-heineken-brand-of-birra-moretti/3012060"
    },
    {
      "id": "703052FLS",
      "name": "L'Essenza della Tradizione - Primitivo - 750ML",
      "brand": "L essenza della tradizione",
      "category": "Bier en wijn",
      "unit_size": "75 cl",
      "offer_price": 2.99,
      "normal_price": 3.99,
      "price_per_unit": 3.99,
      "price_unit": "l",
      "discount_tag": "1,00 korting",
      "promo_title": "L 'Essenza della Tradizione Primitivo",
      "validity": "wo 3 t/m wo 31 dec",
      "image_url": "https://www.jumbo.com/dam-images/fit-in/360x360/Products/21082025_1755772414565_1755772417833_4041584011729_1.png",
      "source_url": "https://www.jumbo.com/aanbiedingen/l-essenza-della-tradizione-primitivo/3012164"
    },
    {
      "id": "701413DS",
      "name": "Jumbo Brie Bites Airfryer & Oven 10 Stuks",
      "brand": "Jumbo",
      "category": "Diepvries",
      "unit_size": "180 g",
      "offer_price": 2.24,
      "normal_price": 2.99,
      "price_per_unit": 14.95,
      "price_unit": "kg",
      "discount_tag": "25% korting",
      "promo_title": "Jumbo kaassnacks oven & airfryer",
      "validity": "wo 3 t/m di 16 dec",
      "image_url": "https://www.jumbo.com/dam-images/fit-in/360x360/Products/03102025_1759480551601_1759480567912_8718452931002_596.png",
      "source_url": "https://www.jumbo.com/aanbiedingen/jumbo-kaassnacks-oven-airfryer/3012071"
    },
    {
      "id": "706239DS",
      "name": "Jumbo Mozzarella Sticks Airfryer & Oven 200 g",
      "brand": "Jumbo",
      "category": "Diepvries",
      "unit_size": "200 g",
      "offer_price": 2.24,
      "normal_price": 2.99,
      "price_per_unit": 11.2,
      "price_unit": "kg",
      "discount_tag": "25% korting",
      "promo_title": "Jumbo kaassnacks oven & airfryer",
      "validity": "wo 3 t/m di 16 dec",
      "image_url": "https://www.jumbo.com/dam-images/fit-in/360x360/Products/23102025_1761215578882_1761215593261_8718452940240_596.png",
      "source_url": "https://www.jumbo.com/aanbiedingen/jumbo-kaassnacks-oven-airfryer/3012071"
    },
    {
      "id": "706229DS",
      "name": "Jumbo Nacho Cheese Bites Airfryer & Oven 230 g",
      "brand": "Jumbo",
      "category": "Diepvries",
      "unit_size": "230 g",
      "offer_price": 2.24,
      "normal_price": 2.99,
      "price_per_unit": 13.0,
      "price_unit": "kg",
      "discount_tag": "25% korting",
      "promo_title": "Jumbo kaassnacks oven & airfryer",
      "validity": "wo 3 t/m di 16 dec",
      "image_url": "https://www.jumbo.com/dam-images/fit-in/360x360/Products/30102025_1761841950613_1761841967275_8718452929115_596.png",
      "source_url": "https://www.jumbo.com/aanbiedingen/jumbo-kaassnacks-oven-airfryer/3012071"
    },
    {
      "id": "705926DS",
      "name": "Jumbo Cheese Rings Airfryer & Oven ca. 8 Stuks",
      "brand": "Jumbo",
      "category": "Diepvries",
      "unit_size": "264 g",
      "offer_price": 2.24,
      "normal_price": 2.99,
      "price_per_unit": 11.33,
      "price_unit": "kg",
      "discount_tag": "25% korting",
      "promo_title": "Jumbo kaassnacks oven & airfryer",
      "validity": "wo 3 t/m di 16 dec",
      "image_url": "https://www.jumbo.com/dam-images/fit-in/360x360/Products/24112025_1763994791979_1763994805392_8718452929122_596.png",
      "source_url": "https://www.jumbo.com/aanbiedingen/jumbo-kaassnacks-oven-airfryer/3012071"
    },
    {
      "id": "703588DS",
      "name": "Jumbo Kaas Bitterballen Airfryer & Oven Wapenaer 10 Stuks",
      "brand": "Jumbo",
      "category": "Diepvries",
      "unit_size": "250 g",
      "offer_price": 2.24,
      "normal_price": 2.99,
      "price_per_unit": 8.96,
      "price_unit": "kg",
      "discount_tag": "25% korting",
      "promo_title": "Jumbo kaassnacks oven & airfryer",
      "validity": "wo 3 t/m di 16 dec",
      "image_url": "https://www.jumbo.com/dam-images/fit-in/360x360/Products/26092025_1758853980366_1758854002946_703588_DS_08718452908783_C1N1.png",
      "source_url": "https://www.jumbo.com/aanbiedingen/jumbo-kaassnacks-oven-airfryer/3012071"
    },
    {
      "id": "703589DS",
      "name": "Jumbo Kaas Kroketten Airfryer & Oven Wapenaer 4 Stuks",
      "brand": "Jumbo",
      "category": "Diepvries",
      "unit_size": "280 g",
      "offer_price": 2.46,
      "normal_price": 3.29,
      "price_per_unit": 8.79,
      "price_unit": "kg",
      "discount_tag": "25% korting",
      "promo_title": "Jumbo kaassnacks oven & airfryer",
      "validity": "wo 3 t/m di 16 dec",
      "image_url": "https://www.jumbo.com/dam-images/fit-in/360x360/Products/26092025_1758853943669_1758853965668_703589_DS_08718452908790_C1N1.png",
      "source_url": "https://www.jumbo.com/aanbiedingen/jumbo-kaassnacks-oven-airfryer/3012071"
    },
    {
      "id": "591434FLS",
      "name": "Lugar de Conchas - Verdejo - 750 ML",
      "brand": "Jumbo",
      "category": "Bier en wijn",
      "unit_size": "750 ml",
      "offer_price": 5.49,
      "normal_price": 6.99,
      "price_per_unit": 7.32,
      "price_unit": "l",
      "discount_tag": "voor 5,49",
      "promo_title": "Jumbo Rueda Verdejo",
      "validity": "wo 3 t/m wo 31 dec",
      "image_url": "https://www.jumbo.com/dam-images/fit-in/360x360/Products/05112025_1762356812437_1762356815324_8718452711970_1.png",
      "source_url": "https://www.jumbo.com/aanbiedingen/jumbo-rueda-verdejo/3012081"
    },
    {
      "id": "503606FLS",
      "name": "Waterval - Pinot Grigio - 750ML",
      "brand": "Waterval",
      "category": "Bier en wijn",
      "unit_size": "750 ml",
      "offer_price": 5.29,
      "normal_price": 5.29,
      "price_per_unit": 7.05,
      "price_unit": "l",
      "discount_tag": "3 voor 12,50",
      "promo_title": "Alle Waterval",
      "validity": "wo 3 t/m wo 31 dec",
      "image_url": "https://www.jumbo.com/dam-images/fit-in/360x360/Products/12112025_1762965191952_1762965195024_6001506912839_1.png",
      "source_url": "https://www.jumbo.com/aanbiedingen/alle-waterval/3012459"
    },
    {
      "id": "368836FLS",
      "name": "Waterval - Chenin Blanc - 750ML",
      "brand": "Waterval",
      "category": "Bier en wijn",
      "unit_size": "750 ml",
      "offer_price": 5.29,
      "normal_price": 5.29,
      "price_per_unit": 7.05,
      "price_unit": "l",
      "discount_tag": "3 voor 12,50",
      "promo_title": "Alle Waterval",
      "validity": "wo 3 t/m wo 31 dec",
      "image_url": "https://www.jumbo.com/dam-images/fit-in/360x360/Products/08122025_1765190073992_1765190076719_6001506911610_1.png",
      "source_url": "https://www.jumbo.com/aanbiedingen/alle-waterval/3012459"
    },
    {
      "id": "79146FLS",
      "name": "Waterval - Sauvignon Blanc - Semillón - 750 ML",
      "brand": "Waterval",
      "category": "Bier en wijn",
      "unit_size": "750 ml",
      "offer_price": 5.29,
      "normal_price": 5.29,
      "price_per_unit": 7.05,
      "price_unit": "l",
      "discount_tag": "3 voor 12,50",
      "promo_title": "Alle Waterval",
      "validity": "wo 3 t/m wo 31 dec",
      "image_url": "https://www.jumbo.com/dam-images/fit-in/360x360/Products/12112025_1762965191574_1762965194220_6001506900621_1.png",
      "source_url": "https://www.jumbo.com/aanbiedingen/alle-waterval/3012459"
    },
    {
      "id": "79145FLS",
      "name": "Waterval - Cabernet Sauvignon - Merlot - 750ML",
      "brand": "Waterval",
      "category": "Bier en wijn",
      "unit_size": "750 ml",
      "offer_price": 5.29,
      "normal_price": 5.29,
      "price_per_unit": 7.05,
      "price_unit": "l",
      "discount_tag": "3 voor 12,50",
      "promo_title": "Alle Waterval",
      "validity": "wo 3 t/m wo 31 dec",
      "image_url": "https://www.jumbo.com/dam-images/fit-in/360x360/Products/12112025_1762965191478_1762965194273_6001506900614_1.png",
      "source_url": "https://www.jumbo.com/aanbiedingen/alle-waterval/3012459"
    },
    {
      "id": "79144FLS",
      "name": "Waterval - Chardonnay - Colombard - 750ML",
      "brand": "Waterval",
      "category": "Bier en wijn",
      "unit_size": "750 ml",
      "offer_price": 5.29,
      "normal_price": 5.29,
      "price_per_unit": 7.05,
      "price_unit": "l",
      "discount_tag": "3 voor 12,50",
      "promo_title": "Alle Waterval",
      "validity": "wo 3 t/m wo 31 dec",
      "image_url": "https://www.jumbo.com/dam-images/fit-in/360x360/Products/12112025_1762965191493_1762965194486_6001506900607_1.png",
      "source_url": "https://www.jumbo.com/aanbiedingen/alle-waterval/3012459"
    },
    {
      "id": "96225FLS",
      "name": "Waterval - Moscato - 750ML",
      "brand": "Waterval",
      "category": "Bier en wijn",
      "unit_size": "750 ml",
      "offer_price": 5.29,
      "normal_price": 5.29,
      "price_per_unit": 7.05,
      "price_unit": "l",
      "discount_tag": "3 voor 12,50",
      "promo_title": "Alle Waterval",
      "validity": "wo 3 t/m wo 31 dec",
      "image_url": "https://www.jumbo.com/dam-images/fit-in/360x360/Products/12112025_1762965191752_1762965194602_6001506906128_1.png",
      "source_url": "https://www.jumbo.com/aanbiedingen/alle-waterval/3012459"
    },
    {
      "id": "79143FLS",
      "name": "Waterval - Cinsaut Pinotage - 750ML",
      "brand": "Waterval",
      "category": "Bier en wijn",
      "unit_size": "750 ml",
      "offer_price": 5.29,
      "normal_price": 5.29,
      "price_per_unit": 7.05,
      "price_unit": "l",
      "discount_tag": "3 voor 12,50",
      "promo_title": "Alle Waterval",
      "validity": "wo 3 t/m wo 31 dec",
      "image_url": "https://www.jumbo.com/dam-images/fit-in/360x360/Products/08122025_1765190073725_1765190076849_6001506900591_1.png",
      "source_url": "https://www.jumbo.com/aanbiedingen/alle-waterval/3012459"
    },
    {
      "id": "96226FLS",
      "name": "Waterval - Rosé - 750ML",
      "brand": "Waterval",
      "category": "Bier en wijn",
      "unit_size": "750 ml",
      "offer_price": 5.29,
      "normal_price": 5.29,
      "price_per_unit": 7.05,
      "price_unit": "l",
      "discount_tag": "3 voor 12,50",
      "promo_title": "Alle Waterval",
      "validity": "wo 3 t/m wo 31 dec",
      "image_url": "https://www.jumbo.com/dam-images/fit-in/360x360/Products/12112025_1762965191860_1762965195002_6001506904025_1.png",
      "source_url": "https://www.jumbo.com/aanbiedingen/alle-waterval/3012459"
    },
    {
      "id": "686314FLS",
      "name": "Tiempo & Tierra - Gran Momento Barrel Aged Chardonnay - 750ML",
      "brand": "Tiempo Tierra",
      "category": "Bier en wijn",
      "unit_size": "75 cl",
      "offer_price": 4.99,
      "normal_price": 5.99,
      "price_per_unit": 7.99,
      "price_unit": "l",
      "discount_tag": "1,00 korting",
      "promo_title": "Tiempo & Tierra Gran Momento",
      "validity": "wo 3 t/m wo 31 dec",
      "image_url": "https://www.jumbo.com/dam-images/fit-in/360x360/Products/23062025_1750681987332_1750681990911_8411971008582_1.png",
      "source_url": "https://www.jumbo.com/aanbiedingen/tiempo-tierra-gran-momento/3012165"
    },
    {
      "id": "686311FLS",
      "name": "Tiempo & Tierra - Gran Momento Graciano - 750ML",
      "brand": "Tiempo Tierra",
      "category": "Bier en wijn",
      "unit_size": "75 cl",
      "offer_price": 4.99,
      "normal_price": 5.99,
      "price_per_unit": 6.65,
      "price_unit": "l",
      "discount_tag": "1,00 korting",
      "promo_title": "Tiempo & Tierra Gran Momento",
      "validity": "wo 3 t/m wo 31 dec",
      "image_url": "https://www.jumbo.com/dam-images/fit-in/360x360/Products/20062025_1750415585846_1750415589023_8411971008612_1.png",
      "source_url": "https://www.jumbo.com/aanbiedingen/tiempo-tierra-gran-momento/3012165"
    },
    {
      "id": "229329STK",
      "name": "Original Wagner Big City with Chicken, Peppers & BBQ Sauce #Sydney 425 g",
      "brand": "Wagner",
      "category": "Diepvries",
      "unit_size": "425 g",
      "offer_price": 3.99,
      "normal_price": 3.99,
      "price_per_unit": 9.39,
      "price_unit": "kg",
      "discount_tag": "2 voor 5,00",
      "promo_title": "Ontvang een pizza kerstboomhanger bij aankoop van 2 Wagner pizza's.",
      "validity": "wo 3 t/m di 30 dec",
      "image_url": "https://www.jumbo.com/dam-images/fit-in/360x360/Products/26072024_1721958509821_1721958529554_229329_STK_07613035492677_C1N1_s06.png",
      "source_url": "https://www.jumbo.com/aanbiedingen/ontvang-een-pizza-kerstboomhanger-bij-aankoop-van-2-wagner-pizzas/3013570"
    },
    {
      "id": "49602STK",
      "name": "Original Wagner Sensazione Speciale met Champignons, Salami en Gekookte Ham 360 g",
      "brand": "Wagner",
      "category": "Diepvries",
      "unit_size": "360 g",
      "offer_price": 3.99,
      "normal_price": 3.99,
      "price_per_unit": 11.08,
      "price_unit": "kg",
      "discount_tag": "2 voor 5,00",
      "promo_title": "Ontvang een pizza kerstboomhanger bij aankoop van 2 Wagner pizza's.",
      "validity": "wo 3 t/m di 30 dec",
      "image_url": "https://www.jumbo.com/dam-images/fit-in/360x360/Products/28112025_1764298701049_1764298710715_49602_STK_.png",
      "source_url": "https://www.jumbo.com/aanbiedingen/ontvang-een-pizza-kerstboomhanger-bij-aankoop-van-2-wagner-pizzas/3013570"
    },
    {
      "id": "200547DS",
      "name": "WAGNER Piccolinis mini pizza salami 9 stuks 270 g",
      "brand": "Wagner",
      "category": "Diepvries",
      "unit_size": "270 g",
      "offer_price": 3.69,
      "normal_price": 3.69,
      "price_per_unit": 13.67,
      "price_unit": "kg",
      "discount_tag": "2 voor 5,00",
      "promo_title": "Ontvang een pizza kerstboomhanger bij aankoop van 2 Wagner pizza's.",
      "validity": "wo 3 t/m di 30 dec",
      "image_url": "https://www.jumbo.com/dam-images/fit-in/360x360/Products/200547_4009233014002_1_T1_200547DS1691325422959.png",
      "source_url": "https://www.jumbo.com/aanbiedingen/ontvang-een-pizza-kerstboomhanger-bij-aankoop-van-2-wagner-pizzas/3013570"
    },
    {
      "id": "550811DS",
      "name": "Original Wagner Piccolinis Schinken Prosciutto 3 x 3 Stuks 270 g",
      "brand": "Wagner",
      "category": "Diepvries",
      "unit_size": "270 g",
      "offer_price": 3.69,
      "normal_price": 3.69,
      "price_per_unit": 13.67,
      "price_unit": "kg",
      "discount_tag": "2 voor 5,00",
      "promo_title": "Ontvang een pizza kerstboomhanger bij aankoop van 2 Wagner pizza's.",
      "validity": "wo 3 t/m di 30 dec",
      "image_url": "https://www.jumbo.com/dam-images/fit-in/360x360/Products/550811_4009233014026_1_T1_550811DS1691135647330.png",
      "source_url": "https://www.jumbo.com/aanbiedingen/ontvang-een-pizza-kerstboomhanger-bij-aankoop-van-2-wagner-pizzas/3013570"
    },
    {
      "id": "681824DS",
      "name": "Original Wagner Big Sensation Beef Jalapeños 450 g",
      "brand": "Wagner",
      "category": "Diepvries",
      "unit_size": "450 g",
      "offer_price": 4.99,
      "normal_price": 4.99,
      "price_per_unit": 11.09,
      "price_unit": "kg",
      "discount_tag": "2 voor 5,00",
      "promo_title": "Ontvang een pizza kerstboomhanger bij aankoop van 2 Wagner pizza's.",
      "validity": "wo 3 t/m di 30 dec",
      "image_url": "https://www.jumbo.com/dam-images/fit-in/360x360/Products/06082025_1754444074134_1754444091879_681824_DS_.png",
      "source_url": "https://www.jumbo.com/aanbiedingen/ontvang-een-pizza-kerstboomhanger-bij-aankoop-van-2-wagner-pizzas/3013570"
    },
    {
      "id": "670045DS",
      "name": "Original Wagner Big Sensation Salami & BBQ 450 g",
      "brand": "Wagner",
      "category": "Diepvries",
      "unit_size": "450 g",
      "offer_price": 4.99,
      "normal_price": 4.99,
      "price_per_unit": 11.09,
      "price_unit": "kg",
      "discount_tag": "2 voor 5,00",
      "promo_title": "Ontvang een pizza kerstboomhanger bij aankoop van 2 Wagner pizza's.",
      "validity": "wo 3 t/m di 30 dec",
      "image_url": "https://www.jumbo.com/dam-images/fit-in/360x360/Products/13112025_1763003334049_1763003342013_670045_DS_.png",
      "source_url": "https://www.jumbo.com/aanbiedingen/ontvang-een-pizza-kerstboomhanger-bij-aankoop-van-2-wagner-pizzas/3013570"
    },
    {
      "id": "200549DS",
      "name": "Original Wagner Piccolinis Pizza Tomate-Mozzarella 9 Stuks 270 g",
      "brand": "Wagner",
      "category": "Diepvries",
      "unit_size": "270 g",
      "offer_price": 3.89,
      "normal_price": 3.89,
      "price_per_unit": 14.41,
      "price_unit": "kg",
      "discount_tag": "2 voor 5,00",
      "promo_title": "Ontvang een pizza kerstboomhanger bij aankoop van 2 Wagner pizza's.",
      "validity": "wo 3 t/m di 30 dec",
      "image_url": "https://www.jumbo.com/dam-images/fit-in/360x360/Products/200549_4009233014446_1_T1_200549DS1691326634294.png",
      "source_url": "https://www.jumbo.com/aanbiedingen/ontvang-een-pizza-kerstboomhanger-bij-aankoop-van-2-wagner-pizzas/3013570"
    },
    {
      "id": "168241DS",
      "name": "Original Wagner Big City with Pepperoni Sausage, Mozzarella & Edam Cheese #Budapest 400 g",
      "brand": "Wagner",
      "category": "Diepvries",
      "unit_size": "400 g",
      "offer_price": 3.99,
      "normal_price": 3.99,
      "price_per_unit": 9.98,
      "price_unit": "kg",
      "discount_tag": "2 voor 5,00",
      "promo_title": "Ontvang een pizza kerstboomhanger bij aankoop van 2 Wagner pizza's.",
      "validity": "wo 3 t/m di 30 dec",
      "image_url": "https://www.jumbo.com/dam-images/fit-in/360x360/Products/05092023_1693881158318_1693881161893_168241_DS_07613035492752_C1N1_s04.png",
      "source_url": "https://www.jumbo.com/aanbiedingen/ontvang-een-pizza-kerstboomhanger-bij-aankoop-van-2-wagner-pizzas/3013570"
    },
    {
      "id": "306105DS",
      "name": "Original Wagner Sensazione Tonno 340 g",
      "brand": "Wagner",
      "category": "Diepvries",
      "unit_size": "340 g",
      "offer_price": 3.99,
      "normal_price": 3.99,
      "price_per_unit": 11.74,
      "price_unit": "kg",
      "discount_tag": "2 voor 5,00",
      "promo_title": "Ontvang een pizza kerstboomhanger bij aankoop van 2 Wagner pizza's.",
      "validity": "wo 3 t/m di 30 dec",
      "image_url": "https://www.jumbo.com/dam-images/fit-in/360x360/Products/27082024_1724720724087_1724720735553_306105_DS_07613036432955_C1N1_s04.png",
      "source_url": "https://www.jumbo.com/aanbiedingen/ontvang-een-pizza-kerstboomhanger-bij-aankoop-van-2-wagner-pizzas/3013570"
    },
    {
      "id": "167981DS",
      "name": "Original Wagner Big City Pizza with Spinach, Cream Cheese & Onions #Boston 430 g",
      "brand": "Wagner",
      "category": "Diepvries",
      "unit_size": "430 g",
      "offer_price": 3.99,
      "normal_price": 3.99,
      "price_per_unit": 9.28,
      "price_unit": "kg",
      "discount_tag": "2 voor 5,00",
      "promo_title": "Ontvang een pizza kerstboomhanger bij aankoop van 2 Wagner pizza's.",
      "validity": "wo 3 t/m di 30 dec",
      "image_url": "https://www.jumbo.com/dam-images/fit-in/360x360/Products/27072024_1722048847938_1722048869962_167981_DS_07613035492806_C1N1_s05.png",
      "source_url": "https://www.jumbo.com/aanbiedingen/ontvang-een-pizza-kerstboomhanger-bij-aankoop-van-2-wagner-pizzas/3013570"
    },
    {
      "id": "229333STK",
      "name": "Original Wagner Big City Pizza with Mozzarella & Edam Cheese #Amsterdam 410 g",
      "brand": "Wagner",
      "category": "Diepvries",
      "unit_size": "410 g",
      "offer_price": 3.99,
      "normal_price": 3.99,
      "price_per_unit": 9.73,
      "price_unit": "kg",
      "discount_tag": "2 voor 5,00",
      "promo_title": "Ontvang een pizza kerstboomhanger bij aankoop van 2 Wagner pizza's.",
      "validity": "wo 3 t/m di 30 dec",
      "image_url": "https://www.jumbo.com/dam-images/fit-in/360x360/Products/10082023_1691678359537_1691678375586_7613036643641_1.png",
      "source_url": "https://www.jumbo.com/aanbiedingen/ontvang-een-pizza-kerstboomhanger-bij-aankoop-van-2-wagner-pizzas/3013570"
    },
    {
      "id": "669976DS",
      "name": "Original Wagner Piccolinis Speciale 3 x 3 Stuks 270 g",
      "brand": "Wagner",
      "category": "Diepvries",
      "unit_size": "270 g",
      "offer_price": 3.69,
      "normal_price": 3.69,
      "price_per_unit": 13.67,
      "price_unit": "kg",
      "discount_tag": "2 voor 5,00",
      "promo_title": "Ontvang een pizza kerstboomhanger bij aankoop van 2 Wagner pizza's.",
      "validity": "wo 3 t/m di 30 dec",
      "image_url": "https://www.jumbo.com/dam-images/fit-in/360x360/Products/18112025_1763434399494_1763434412525_669976_DS_.png",
      "source_url": "https://www.jumbo.com/aanbiedingen/ontvang-een-pizza-kerstboomhanger-bij-aankoop-van-2-wagner-pizzas/3013570"
    },
    {
      "id": "670044DS",
      "name": "Original Wagner Big Sensation Western 450 g",
      "brand": "Wagner",
      "category": "Diepvries",
      "unit_size": "450 g",
      "offer_price": 4.99,
      "normal_price": 4.99,
      "price_per_unit": 11.09,
      "price_unit": "kg",
      "discount_tag": "2 voor 5,00",
      "promo_title": "Ontvang een pizza kerstboomhanger bij aankoop van 2 Wagner pizza's.",
      "validity": "wo 3 t/m di 30 dec",
      "image_url": "https://www.jumbo.com/dam-images/fit-in/360x360/Products/22102025_1761098149978_1761098165406_670044_DS_.png",
      "source_url": "https://www.jumbo.com/aanbiedingen/ontvang-een-pizza-kerstboomhanger-bij-aankoop-van-2-wagner-pizzas/3013570"
    },
    {
      "id": "200548DS",
      "name": "Original Wagner Piccolinis Tre Formaggi 270 g",
      "brand": "Wagner",
      "category": "Diepvries",
      "unit_size": "270 g",
      "offer_price": 3.89,
      "normal_price": 3.89,
      "price_per_unit": 14.41,
      "price_unit": "kg",
      "discount_tag": "2 voor 5,00",
      "promo_title": "Ontvang een pizza kerstboomhanger bij aankoop van 2 Wagner pizza's.",
      "validity": "wo 3 t/m di 30 dec",
      "image_url": "https://www.jumbo.com/dam-images/fit-in/360x360/Products/27112025_1764218554814_1764218562691_200548_DS_.png",
      "source_url": "https://www.jumbo.com/aanbiedingen/ontvang-een-pizza-kerstboomhanger-bij-aankoop-van-2-wagner-pizzas/3013570"
    },
    {
      "id": "538530PAK",
      "name": "Amstel Radler Citroen 0.0 Bier Blik 6 x 330ml",
      "brand": "Amstel",
      "category": "Bier en wijn",
      "unit_size": "6 x 330 ml",
      "offer_price": 6.29,
      "normal_price": 6.29,
      "price_per_unit": 3.18,
      "price_unit": "l",
      "discount_tag": "Gratis glas bij 1 stuk",
      "promo_title": "Gratis glas bij aankoop van een multipack Amstel",
      "validity": "wo 10 t/m di 23 dec",
      "image_url": "https://www.jumbo.com/dam-images/fit-in/360x360/Products/12122025_1765549996004_1765550047836_8712000059460_596.png",
      "source_url": "https://www.jumbo.com/aanbiedingen/gratis-glas-bij-aankoop-van-een-multipack-amstel/3013597"
    },
    {
      "id": "90276PAK",
      "name": "Amstel Radler Citroen Bier Fles 6 x 300ml",
      "brand": "Amstel",
      "category": "Bier en wijn",
      "unit_size": "6 x 30 cl",
      "offer_price": 5.79,
      "normal_price": 5.79,
      "price_per_unit": 3.22,
      "price_unit": "l",
      "discount_tag": "Gratis glas bij 1 stuk",
      "promo_title": "Gratis glas bij aankoop van een multipack Amstel",
      "validity": "wo 10 t/m di 23 dec",
      "image_url": "https://www.jumbo.com/dam-images/fit-in/360x360/Products/12122025_1765549995692_1765550043994_8712000033088_596.png",
      "source_url": "https://www.jumbo.com/aanbiedingen/gratis-glas-bij-aankoop-van-een-multipack-amstel/3013597"
    },
    {
      "id": "539053PAK",
      "name": "Amstel Radler Citroen Bier Blik 6 x 330ml",
      "brand": "Amstel",
      "category": "Bier en wijn",
      "unit_size": "6 x 330 ml",
      "offer_price": 6.29,
      "normal_price": 6.29,
      "price_per_unit": 3.18,
      "price_unit": "l",
      "discount_tag": "Gratis glas bij 1 stuk",
      "promo_title": "Gratis glas bij aankoop van een multipack Amstel",
      "validity": "wo 10 t/m di 23 dec",
      "image_url": "https://www.jumbo.com/dam-images/fit-in/360x360/Products/12122025_1765549996198_1765550046531_8712000059453_596.png",
      "source_url": "https://www.jumbo.com/aanbiedingen/gratis-glas-bij-aankoop-van-een-multipack-amstel/3013597"
    },
    {
      "id": "668935DS",
      "name": "Amstel Bier Rosé 4.0 Blikken 4 x 330 ml",
      "brand": "Amstel",
      "category": "Bier en wijn",
      "unit_size": "4 x 330 ml",
      "offer_price": 6.99,
      "normal_price": 6.99,
      "price_per_unit": 5.3,
      "price_unit": "l",
      "discount_tag": "Gratis glas bij 1 stuk",
      "promo_title": "Gratis glas bij aankoop van een multipack Amstel",
      "validity": "wo 10 t/m di 23 dec",
      "image_url": "https://www.jumbo.com/dam-images/fit-in/360x360/Products/12122025_1765549996427_1765550002643_8712000062330_1.png",
      "source_url": "https://www.jumbo.com/aanbiedingen/gratis-glas-bij-aankoop-van-een-multipack-amstel/3013597"
    },
    {
      "id": "474560DS",
      "name": "Amstel Pilsener 0.0 Bier Fles 6 x 300ml",
      "brand": "Amstel",
      "category": "Bier en wijn",
      "unit_size": "6 x 30 cl",
      "offer_price": 4.99,
      "normal_price": 4.99,
      "price_per_unit": 2.77,
      "price_unit": "l",
      "discount_tag": "Gratis glas bij 1 stuk",
      "promo_title": "Gratis glas bij aankoop van een multipack Amstel",
      "validity": "wo 10 t/m di 23 dec",
      "image_url": "https://www.jumbo.com/dam-images/fit-in/360x360/Products/12122025_1765549995618_1765550048653_8712000057817_596.png",
      "source_url": "https://www.jumbo.com/aanbiedingen/gratis-glas-bij-aankoop-van-een-multipack-amstel/3013597"
    },
    {
      "id": "594289PAK",
      "name": "Amstel Rosé Bier Fles 6 x 300ml",
      "brand": "Amstel",
      "category": "Bier en wijn",
      "unit_size": "6 x 300 ml",
      "offer_price": 7.49,
      "normal_price": 7.49,
      "price_per_unit": 4.16,
      "price_unit": "l",
      "discount_tag": "Gratis glas bij 1 stuk",
      "promo_title": "Gratis glas bij aankoop van een multipack Amstel",
      "validity": "wo 10 t/m di 23 dec",
      "image_url": "https://www.jumbo.com/dam-images/fit-in/360x360/Products/12122025_1765549996273_1765550052736_8712000061418_596.png",
      "source_url": "https://www.jumbo.com/aanbiedingen/gratis-glas-bij-aankoop-van-een-multipack-amstel/3013597"
    },
    {
      "id": "538519PAK",
      "name": "Amstel Pilsener Bier Blik 6 x 500ml",
      "brand": "Amstel",
      "category": "Bier en wijn",
      "unit_size": "6 x 500 ml",
      "offer_price": 7.39,
      "normal_price": 7.39,
      "price_per_unit": 2.46,
      "price_unit": "l",
      "discount_tag": "Gratis glas bij 1 stuk",
      "promo_title": "Gratis glas bij aankoop van een multipack Amstel",
      "validity": "wo 10 t/m di 23 dec",
      "image_url": "https://www.jumbo.com/dam-images/fit-in/360x360/Products/07012025_1736267693523_1736267698636_8712000059040_1.png",
      "source_url": "https://www.jumbo.com/aanbiedingen/gratis-glas-bij-aankoop-van-een-multipack-amstel/3013597"
    },
    {
      "id": "669466DS",
      "name": "Amstel Bier Rosé 0.0 Flessen 6 x 300 ml",
      "brand": "Amstel",
      "category": "Bier en wijn",
      "unit_size": "6 x 300 ml",
      "offer_price": 6.99,
      "normal_price": 6.99,
      "price_per_unit": 3.88,
      "price_unit": "l",
      "discount_tag": "Gratis glas bij 1 stuk",
      "promo_title": "Gratis glas bij aankoop van een multipack Amstel",
      "validity": "wo 10 t/m di 23 dec",
      "image_url": "https://www.jumbo.com/dam-images/fit-in/360x360/Products/12122025_1765549996562_1765550003118_8712000062132_1.png",
      "source_url": "https://www.jumbo.com/aanbiedingen/gratis-glas-bij-aankoop-van-een-multipack-amstel/3013597"
    },
    {
      "id": "134930PAK",
      "name": "Amstel Radler Citroen 0.0 Bier Fles 6 x 300ml",
      "brand": "Amstel",
      "category": "Bier en wijn",
      "unit_size": "6 x 30 cl",
      "offer_price": 5.65,
      "normal_price": 5.65,
      "price_per_unit": 3.14,
      "price_unit": "l",
      "discount_tag": "Gratis glas bij 1 stuk",
      "promo_title": "Gratis glas bij aankoop van een multipack Amstel",
      "validity": "wo 10 t/m di 23 dec",
      "image_url": "https://www.jumbo.com/dam-images/fit-in/360x360/Products/12122025_1765549995766_1765550046656_8712000034160_596.png",
      "source_url": "https://www.jumbo.com/aanbiedingen/gratis-glas-bij-aankoop-van-een-multipack-amstel/3013597"
    },
    {
      "id": "536532PAK",
      "name": "Amstel Pilsener Bier Blik 6 x 330ml",
      "brand": "Amstel",
      "category": "Bier en wijn",
      "unit_size": "6 x 330 ml",
      "offer_price": 5.99,
      "normal_price": 5.99,
      "price_per_unit": 3.03,
      "price_unit": "l",
      "discount_tag": "Gratis glas bij 1 stuk",
      "promo_title": "Gratis glas bij aankoop van een multipack Amstel",
      "validity": "wo 10 t/m di 23 dec",
      "image_url": "https://www.jumbo.com/dam-images/fit-in/360x360/Products/07012025_1736267693209_1736267697288_8712000059026_1.png",
      "source_url": "https://www.jumbo.com/aanbiedingen/gratis-glas-bij-aankoop-van-een-multipack-amstel/3013597"
    },
    {
      "id": "634866DS",
      "name": "Amstel Bier Bock Fles 6 x 300ml",
      "brand": "Amstel",
      "category": "Bier en wijn",
      "unit_size": "6 x 300 ml",
      "offer_price": 7.69,
      "normal_price": 7.69,
      "price_per_unit": 4.27,
      "price_unit": "l",
      "discount_tag": "Gratis glas bij 1 stuk",
      "promo_title": "Gratis glas bij aankoop van een multipack Amstel",
      "validity": "wo 10 t/m di 23 dec",
      "image_url": "https://www.jumbo.com/dam-images/fit-in/360x360/Products/12122025_1765549996229_1765550045334_8728600001068_596.png",
      "source_url": "https://www.jumbo.com/aanbiedingen/gratis-glas-bij-aankoop-van-een-multipack-amstel/3013597"
    },
    {
      "id": "252334STK",
      "name": "Page Compleet Schoon Toiletpapier 24-rollen",
      "brand": "Page",
      "category": "Huishouden en dieren",
      "unit_size": null,
      "offer_price": 9.99,
      "normal_price": 14.99,
      "price_per_unit": 0.42,
      "price_unit": "pieces",
      "discount_tag": "voor 9,99",
      "promo_title": "Page compleet schoon toiletpapier",
      "validity": "wo 3 t/m wo 31 dec",
      "image_url": "https://www.jumbo.com/dam-images/fit-in/360x360/Products/26112025_1764137053281_1764137057211_252334_STK_05029053583303_C1N1.png",
      "source_url": "https://www.jumbo.com/aanbiedingen/page-compleet-schoon-toiletpapier/3012116"
    },
    {
      "id": "589652DSL",
      "name": "Pampers Harmonie Aqua Babydoekjes 14 verpakkingen = 672 Doekjes",
      "brand": "Pampers",
      "category": "Drogisterij en baby",
      "unit_size": null,
      "offer_price": 33.22,
      "normal_price": 47.46,
      "price_per_unit": 0.07,
      "price_unit": "pieces",
      "discount_tag": "30% korting",
      "promo_title": "Pampers babydoekjes",
      "validity": "wo 3 t/m wo 31 dec",
      "image_url": "https://www.jumbo.com/dam-images/fit-in/360x360/Products/16042024_1713267308628_1713267314420_8006540458556_1.png",
      "source_url": "https://www.jumbo.com/aanbiedingen/pampers-babydoekjes/3012278"
    },
    {
      "id": "727116DS",
      "name": "Sensodyne Repair & Protect Whitening Tandpasta 75 ML",
      "brand": "Sensodyne",
      "category": "Drogisterij en baby",
      "unit_size": null,
      "offer_price": 7.99,
      "normal_price": 7.99,
      "price_per_unit": 106.53,
      "price_unit": "l",
      "discount_tag": "1+1 gratis",
      "promo_title": "Sensodyne",
      "validity": "wo 3 t/m di 16 dec",
      "image_url": "https://www.jumbo.com/dam-images/fit-in/360x360/Products/05054563234087C1N11de3b923-1a46-4bdd-84d7-d6e626e424bb-1763993182481.png",
      "source_url": "https://www.jumbo.com/aanbiedingen/sensodyne/3012026"
    },
    {
      "id": "494314DS",
      "name": "Sensodyne Complete Protection + Advanced Whitening tandpasta 75 ml",
      "brand": "Sensodyne",
      "category": "Drogisterij en baby",
      "unit_size": null,
      "offer_price": 7.29,
      "normal_price": 7.29,
      "price_per_unit": 97.2,
      "price_unit": "l",
      "discount_tag": "1+1 gratis",
      "promo_title": "Sensodyne",
      "validity": "wo 3 t/m di 16 dec",
      "image_url": "https://www.jumbo.com/dam-images/fit-in/360x360/Products/08042025_1744082066006_1744082068291_494314_DS_05054563120908_C1N1.png",
      "source_url": "https://www.jumbo.com/aanbiedingen/sensodyne/3012026"
    },
    {
      "id": "431836DS",
      "name": "Sensodyne Gevoeligheid & Tandvlees Whitening tandpasta voor gevoelige tanden 75 ml",
      "brand": "Sensodyne",
      "category": "Drogisterij en baby",
      "unit_size": null,
      "offer_price": 7.29,
      "normal_price": 7.29,
      "price_per_unit": 97.2,
      "price_unit": "l",
      "discount_tag": "1+1 gratis",
      "promo_title": "Sensodyne",
      "validity": "wo 3 t/m di 16 dec",
      "image_url": "https://www.jumbo.com/dam-images/fit-in/360x360/Products/21112023_1700535906269_1700535907974_431836_DS_05054563110169_C1N1.png",
      "source_url": "https://www.jumbo.com/aanbiedingen/sensodyne/3012026"
    },
    {
      "id": "711774DS",
      "name": "Sensodyne Gevoeligheid & Tandvlees Extra Fresh 75 ML",
      "brand": "Sensodyne",
      "category": "Drogisterij en baby",
      "unit_size": null,
      "offer_price": 7.29,
      "normal_price": 7.29,
      "price_per_unit": 97.2,
      "price_unit": "l",
      "discount_tag": "1+1 gratis",
      "promo_title": "Sensodyne",
      "validity": "wo 3 t/m di 16 dec",
      "image_url": "https://www.jumbo.com/dam-images/fit-in/360x360/Products/13112025_1763004571474_1763004573303_711774_DS_05054563235442_C1N1.png",
      "source_url": "https://www.jumbo.com/aanbiedingen/sensodyne/3012026"
    },
    {
      "id": "451418DS",
      "name": "Sensodyne Gevoeligheid & Tandvlees Extra Fresh tandpasta voor gevoelige tanden 75 ml",
      "brand": "Sensodyne",
      "category": "Drogisterij en baby",
      "unit_size": "75 ml",
      "offer_price": 7.29,
      "normal_price": 7.29,
      "price_per_unit": 97.2,
      "price_unit": "l",
      "discount_tag": "1+1 gratis",
      "promo_title": "Sensodyne",
      "validity": "wo 3 t/m di 16 dec",
      "image_url": "https://www.jumbo.com/dam-images/fit-in/360x360/Products/21112023_1700535533539_1700535535355_451418_DS_05054563110541_C1N1.png",
      "source_url": "https://www.jumbo.com/aanbiedingen/sensodyne/3012026"
    },
    {
      "id": "292508STK",
      "name": "Sensodyne Fresh & Cool Mondwater voor gevoelige tanden 500ml",
      "brand": "Sensodyne",
      "category": "Drogisterij en baby",
      "unit_size": null,
      "offer_price": 6.99,
      "normal_price": 6.99,
      "price_per_unit": 13.98,
      "price_unit": "l",
      "discount_tag": "1+1 gratis",
      "promo_title": "Sensodyne",
      "validity": "wo 3 t/m di 16 dec",
      "image_url": "https://www.jumbo.com/dam-images/fit-in/360x360/Products/13112025_1763006241337_1763006243747_292508_STK_08710464122058_C1N1.png",
      "source_url": "https://www.jumbo.com/aanbiedingen/sensodyne/3012026"
    },
    {
      "id": "431833DS",
      "name": "Sensodyne Rapid Relief tandpasta voor gevoelige tanden 75 ml",
      "brand": "Sensodyne",
      "category": "Drogisterij en baby",
      "unit_size": null,
      "offer_price": 7.29,
      "normal_price": 7.29,
      "price_per_unit": 97.2,
      "price_unit": "l",
      "discount_tag": "1+1 gratis",
      "promo_title": "Sensodyne",
      "validity": "wo 3 t/m di 16 dec",
      "image_url": "https://www.jumbo.com/dam-images/fit-in/360x360/Products/24052025_1748049165332_1748049167365_431833_DS_05054563110503_C1N1.png",
      "source_url": "https://www.jumbo.com/aanbiedingen/sensodyne/3012026"
    },
    {
      "id": "705075DS",
      "name": "Sensodyne Rapid Relief Mint Tandpasta 75 ML",
      "brand": "Sensodyne",
      "category": "Drogisterij en baby",
      "unit_size": null,
      "offer_price": 7.29,
      "normal_price": 7.29,
      "price_per_unit": 97.2,
      "price_unit": "l",
      "discount_tag": "1+1 gratis",
      "promo_title": "Sensodyne",
      "validity": "wo 3 t/m di 16 dec",
      "image_url": "https://www.jumbo.com/dam-images/fit-in/360x360/Products/13112025_1763003366357_1763003368252_705075_DS_05054563235404_C1N1.png",
      "source_url": "https://www.jumbo.com/aanbiedingen/sensodyne/3012026"
    },
    {
      "id": "711773DS",
      "name": "Sensodyne Gevoeligheid & Tandvlees Whitening 75 ML",
      "brand": "Sensodyne",
      "category": "Drogisterij en baby",
      "unit_size": null,
      "offer_price": 7.99,
      "normal_price": 7.99,
      "price_per_unit": 106.53,
      "price_unit": "l",
      "discount_tag": "1+1 gratis",
      "promo_title": "Sensodyne",
      "validity": "wo 3 t/m di 16 dec",
      "image_url": "https://www.jumbo.com/dam-images/fit-in/360x360/Products/13112025_1763004551530_1763004553460_711773_DS_05054563235831_C1N1.png",
      "source_url": "https://www.jumbo.com/aanbiedingen/sensodyne/3012026"
    },
    {
      "id": "431834DS",
      "name": "Sensodyne Rapid Relief Whitening tandpasta voor gevoelige tanden 75 ml",
      "brand": "Sensodyne",
      "category": "Drogisterij en baby",
      "unit_size": null,
      "offer_price": 7.29,
      "normal_price": 7.29,
      "price_per_unit": 97.2,
      "price_unit": "l",
      "discount_tag": "1+1 gratis",
      "promo_title": "Sensodyne",
      "validity": "wo 3 t/m di 16 dec",
      "image_url": "https://www.jumbo.com/dam-images/fit-in/360x360/Products/08042025_1744080652511_1744080654408_431834_DS_05054563110121_C1N1.png",
      "source_url": "https://www.jumbo.com/aanbiedingen/sensodyne/3012026"
    },
    {
      "id": "616712TUB",
      "name": "Sensodyne Multi Care 75 ml Tube",
      "brand": "Sensodyne",
      "category": "Drogisterij en baby",
      "unit_size": null,
      "offer_price": 5.89,
      "normal_price": 5.89,
      "price_per_unit": 78.53,
      "price_unit": "l",
      "discount_tag": "1+1 gratis",
      "promo_title": "Sensodyne",
      "validity": "wo 3 t/m di 16 dec",
      "image_url": "https://www.jumbo.com/dam-images/fit-in/360x360/Products/25092025_1758792834176_1758792838875_5054563185778_1.png",
      "source_url": "https://www.jumbo.com/aanbiedingen/sensodyne/3012026"
    },
    {
      "id": "431835DS",
      "name": "Sensodyne Gevoeligheid & Tandvlees tandpasta voor gevoelige tanden 75 ml",
      "brand": "Sensodyne",
      "category": "Drogisterij en baby",
      "unit_size": null,
      "offer_price": 7.29,
      "normal_price": 7.29,
      "price_per_unit": 97.2,
      "price_unit": "l",
      "discount_tag": "1+1 gratis",
      "promo_title": "Sensodyne",
      "validity": "wo 3 t/m di 16 dec",
      "image_url": "https://www.jumbo.com/dam-images/fit-in/360x360/Products/12042024_1712888314188_1712888315926_431835_DS_05054563110206_C1N1.png",
      "source_url": "https://www.jumbo.com/aanbiedingen/sensodyne/3012026"
    },
    {
      "id": "415388DS",
      "name": "Sensodyne Repair & Protect Tandpasta voor gevoelige tanden 2x75 ml",
      "brand": "Sensodyne",
      "category": "Drogisterij en baby",
      "unit_size": null,
      "offer_price": 7.99,
      "normal_price": 7.99,
      "price_per_unit": 106.53,
      "price_unit": "l",
      "discount_tag": "1+1 gratis",
      "promo_title": "Sensodyne",
      "validity": "wo 3 t/m di 16 dec",
      "image_url": "https://www.jumbo.com/dam-images/fit-in/360x360/Products/19112025_1763533922972_1763533925082_415388_DS_05054563097910_C1N1.png",
      "source_url": "https://www.jumbo.com/aanbiedingen/sensodyne/3012026"
    },
    {
      "id": "705076DS",
      "name": "Sensodyne Rapid Relief Whitening 75 ML",
      "brand": "Sensodyne",
      "category": "Drogisterij en baby",
      "unit_size": null,
      "offer_price": 7.29,
      "normal_price": 7.29,
      "price_per_unit": 97.2,
      "price_unit": "l",
      "discount_tag": "1+1 gratis",
      "promo_title": "Sensodyne",
      "validity": "wo 3 t/m di 16 dec",
      "image_url": "https://www.jumbo.com/dam-images/fit-in/360x360/Products/13112025_1763003344019_1763003346022_705076_DS_05054563235480_C1N1.png",
      "source_url": "https://www.jumbo.com/aanbiedingen/sensodyne/3012026"
    },
    {
      "id": "668335TUB",
      "name": "Sensodyne Gentle Whitening 75 ml Tube",
      "brand": "Sensodyne",
      "category": "Drogisterij en baby",
      "unit_size": null,
      "offer_price": 5.99,
      "normal_price": 5.99,
      "price_per_unit": 79.87,
      "price_unit": "l",
      "discount_tag": "1+1 gratis",
      "promo_title": "Sensodyne",
      "validity": "wo 3 t/m di 16 dec",
      "image_url": "https://www.jumbo.com/dam-images/fit-in/360x360/Products/25092025_1758792834770_1758792838133_5054563233684_1.png",
      "source_url": "https://www.jumbo.com/aanbiedingen/sensodyne/3012026"
    },
    {
      "id": "705073DS",
      "name": "Sensodyne Complete Protection 75 ML",
      "brand": "Sensodyne",
      "category": "Drogisterij en baby",
      "unit_size": null,
      "offer_price": 7.29,
      "normal_price": 7.29,
      "price_per_unit": 97.2,
      "price_unit": "l",
      "discount_tag": "1+1 gratis",
      "promo_title": "Sensodyne",
      "validity": "wo 3 t/m di 16 dec",
      "image_url": "https://www.jumbo.com/dam-images/fit-in/360x360/Products/26112025_1764137186453_1764137188748_705073_DS_05054563243959_C1N1.png",
      "source_url": "https://www.jumbo.com/aanbiedingen/sensodyne/3012026"
    },
    {
      "id": "616707TUB",
      "name": "Sensodyne Fresh Mint 75 ml Tube",
      "brand": "Sensodyne",
      "category": "Drogisterij en baby",
      "unit_size": null,
      "offer_price": 4.29,
      "normal_price": 4.29,
      "price_per_unit": 57.2,
      "price_unit": "l",
      "discount_tag": "1+1 gratis",
      "promo_title": "Sensodyne",
      "validity": "wo 3 t/m di 16 dec",
      "image_url": "https://www.jumbo.com/dam-images/fit-in/360x360/Products/25092025_1758792834514_1758792837630_5054563185815_1.png",
      "source_url": "https://www.jumbo.com/aanbiedingen/sensodyne/3012026"
    },
    {
      "id": "431832DS",
      "name": "Sensodyne Complete Protection + Cool Mint tandpasta 75 ml",
      "brand": "Sensodyne",
      "category": "Drogisterij en baby",
      "unit_size": null,
      "offer_price": 7.29,
      "normal_price": 7.29,
      "price_per_unit": 97.2,
      "price_unit": "l",
      "discount_tag": "1+1 gratis",
      "promo_title": "Sensodyne",
      "validity": "wo 3 t/m di 16 dec",
      "image_url": "https://www.jumbo.com/dam-images/fit-in/360x360/Products/03032025_1740970060830_1740970062996_431832_DS_05054563120823_C1N1.png",
      "source_url": "https://www.jumbo.com/aanbiedingen/sensodyne/3012026"
    },
    {
      "id": "646986DS",
      "name": "Sensodyne Proglasur Multi-Action Tandpasta 75 ML",
      "brand": "Sensodyne",
      "category": "Drogisterij en baby",
      "unit_size": null,
      "offer_price": 6.29,
      "normal_price": 6.29,
      "price_per_unit": 83.87,
      "price_unit": "l",
      "discount_tag": "1+1 gratis",
      "promo_title": "Sensodyne",
      "validity": "wo 3 t/m di 16 dec",
      "image_url": "https://www.jumbo.com/dam-images/fit-in/360x360/Products/22082024_1724333056384_1724333057883_646986_DS_05054563207371_C1N1.png",
      "source_url": "https://www.jumbo.com/aanbiedingen/sensodyne/3012026"
    },
    {
      "id": "711772DS",
      "name": "Sensodyne Gevoeligheid & Tandvlees 75 ML",
      "brand": "Sensodyne",
      "category": "Drogisterij en baby",
      "unit_size": null,
      "offer_price": 7.29,
      "normal_price": 7.29,
      "price_per_unit": 97.2,
      "price_unit": "l",
      "discount_tag": "1+1 gratis",
      "promo_title": "Sensodyne",
      "validity": "wo 3 t/m di 16 dec",
      "image_url": "https://www.jumbo.com/dam-images/fit-in/360x360/Products/13112025_1763004619248_1763004621203_711772_DS_05054563235527_C1N1.png",
      "source_url": "https://www.jumbo.com/aanbiedingen/sensodyne/3012026"
    },
    {
      "id": "647450DS",
      "name": "Sensodyne Proglasur Daily Protection Dagelijkse Tandpasta 75ml",
      "brand": "Sensodyne",
      "category": "Drogisterij en baby",
      "unit_size": null,
      "offer_price": 6.29,
      "normal_price": 6.29,
      "price_per_unit": 83.87,
      "price_unit": "l",
      "discount_tag": "1+1 gratis",
      "promo_title": "Sensodyne",
      "validity": "wo 3 t/m di 16 dec",
      "image_url": "https://www.jumbo.com/dam-images/fit-in/360x360/Products/19112025_1763561086856_1763561088307_647450_DS_05054563207418_C1N1.png",
      "source_url": "https://www.jumbo.com/aanbiedingen/sensodyne/3012026"
    },
    {
      "id": "186786STK",
      "name": "Sensodyne Deep Clean Extra zachte Tandenborstel voor gevoelige tanden",
      "brand": "Sensodyne",
      "category": "Drogisterij en baby",
      "unit_size": null,
      "offer_price": 4.79,
      "normal_price": 4.79,
      "price_per_unit": 4.79,
      "price_unit": "pieces",
      "discount_tag": "1+1 gratis",
      "promo_title": "Sensodyne",
      "validity": "wo 3 t/m di 16 dec",
      "image_url": "https://www.jumbo.com/dam-images/fit-in/360x360/Products/13112025_1763006309593_1763006313625_186786_STK_05054563021274_C1N1.png",
      "source_url": "https://www.jumbo.com/aanbiedingen/sensodyne/3012026"
    },
    {
      "id": "524053BLS",
      "name": "Sensodyne gevoeligheid & tandvlees tandenborstel voor gevoelige tanden 1 stuk",
      "brand": "Sensodyne",
      "category": "Drogisterij en baby",
      "unit_size": null,
      "offer_price": 4.99,
      "normal_price": 4.99,
      "price_per_unit": 4.99,
      "price_unit": "pieces",
      "discount_tag": "1+1 gratis",
      "promo_title": "Sensodyne",
      "validity": "wo 3 t/m di 16 dec",
      "image_url": "https://www.jumbo.com/dam-images/fit-in/360x360/Products/25092025_1758792833074_1758792835163_5054563933096_1.png",
      "source_url": "https://www.jumbo.com/aanbiedingen/sensodyne/3012026"
    },
    {
      "id": "415389DS",
      "name": "Sensodyne Repair & Protect Whitening Tandpasta voor gevoelige tanden 75 ml",
      "brand": "Sensodyne",
      "category": "Drogisterij en baby",
      "unit_size": null,
      "offer_price": 7.99,
      "normal_price": 7.99,
      "price_per_unit": 106.53,
      "price_unit": "l",
      "discount_tag": "1+1 gratis",
      "promo_title": "Sensodyne",
      "validity": "wo 3 t/m di 16 dec",
      "image_url": "https://www.jumbo.com/dam-images/fit-in/360x360/Products/19112025_1763533898810_1763533900824_415389_DS_05054563097958_C1N1.png",
      "source_url": "https://www.jumbo.com/aanbiedingen/sensodyne/3012026"
    },
    {
      "id": "637553TUB",
      "name": "Sensodyne Proglasur Active Shield Whitening 75 ML",
      "brand": "Sensodyne",
      "category": "Drogisterij en baby",
      "unit_size": null,
      "offer_price": 7.29,
      "normal_price": 7.29,
      "price_per_unit": 97.2,
      "price_unit": "l",
      "discount_tag": "1+1 gratis",
      "promo_title": "Sensodyne",
      "validity": "wo 3 t/m di 16 dec",
      "image_url": "https://www.jumbo.com/dam-images/fit-in/360x360/Products/13112025_1763002477971_1763002480573_637553_TUB_05054563179081_C1N1.png",
      "source_url": "https://www.jumbo.com/aanbiedingen/sensodyne/3012026"
    },
    {
      "id": "705074DS",
      "name": "Sensodyne Complete Protection Whitening 75 ML",
      "brand": "Sensodyne",
      "category": "Drogisterij en baby",
      "unit_size": null,
      "offer_price": 7.29,
      "normal_price": 7.29,
      "price_per_unit": 97.2,
      "price_unit": "l",
      "discount_tag": "1+1 gratis",
      "promo_title": "Sensodyne",
      "validity": "wo 3 t/m di 16 dec",
      "image_url": "https://www.jumbo.com/dam-images/fit-in/360x360/Products/26112025_1764137177702_1764137179928_705074_DS_05054563243997_C1N1.png",
      "source_url": "https://www.jumbo.com/aanbiedingen/sensodyne/3012026"
    },
    {
      "id": "415430DS",
      "name": "Sensodyne Repair & Protect Extra Fresh tandpasta voor gevoelige tanden 75 ml",
      "brand": "Sensodyne",
      "category": "Drogisterij en baby",
      "unit_size": null,
      "offer_price": 7.99,
      "normal_price": 7.99,
      "price_per_unit": 106.53,
      "price_unit": "l",
      "discount_tag": "1+1 gratis",
      "promo_title": "Sensodyne",
      "validity": "wo 3 t/m di 16 dec",
      "image_url": "https://www.jumbo.com/dam-images/fit-in/360x360/Products/19112025_1763549342225_1763549344400_415430_DS_05054563097996_C1N1.png",
      "source_url": "https://www.jumbo.com/aanbiedingen/sensodyne/3012026"
    },
    {
      "id": "616714TUB",
      "name": "Sensodyne Tandvlees Bescherming 75 ml Tube",
      "brand": "Sensodyne",
      "category": "Drogisterij en baby",
      "unit_size": null,
      "offer_price": 5.79,
      "normal_price": 5.79,
      "price_per_unit": 77.2,
      "price_unit": "l",
      "discount_tag": "1+1 gratis",
      "promo_title": "Sensodyne",
      "validity": "wo 3 t/m di 16 dec",
      "image_url": "https://www.jumbo.com/dam-images/fit-in/360x360/Products/25092025_1758792834602_1758792837900_5054563186843_1.png",
      "source_url": "https://www.jumbo.com/aanbiedingen/sensodyne/3012026"
    },
    {
      "id": "616718TUB",
      "name": "Sensodyne Deep Clean Gel 75 ml Tube",
      "brand": "Sensodyne",
      "category": "Drogisterij en baby",
      "unit_size": null,
      "offer_price": 5.79,
      "normal_price": 5.79,
      "price_per_unit": 77.2,
      "price_unit": "l",
      "discount_tag": "1+1 gratis",
      "promo_title": "Sensodyne",
      "validity": "wo 3 t/m di 16 dec",
      "image_url": "https://www.jumbo.com/dam-images/fit-in/360x360/Products/25092025_1758792834564_1758792844060_5054563193810_1.png",
      "source_url": "https://www.jumbo.com/aanbiedingen/sensodyne/3012026"
    },
    {
      "id": "646984DS",
      "name": "Sensodyne Proglasur Gentle Whitening Tandpasta 75 ML",
      "brand": "Sensodyne",
      "category": "Drogisterij en baby",
      "unit_size": null,
      "offer_price": 6.49,
      "normal_price": 6.49,
      "price_per_unit": 86.53,
      "price_unit": "l",
      "discount_tag": "1+1 gratis",
      "promo_title": "Sensodyne",
      "validity": "wo 3 t/m di 16 dec",
      "image_url": "https://www.jumbo.com/dam-images/fit-in/360x360/Products/22082024_1724333034535_1724333036301_646984_DS_05054563207531_C1N1.png",
      "source_url": "https://www.jumbo.com/aanbiedingen/sensodyne/3012026"
    },
    {
      "id": "503478BLS",
      "name": "Sensodyne Sensitivity & Gum zachte tandenborstel",
      "brand": "Sensodyne",
      "category": "Drogisterij en baby",
      "unit_size": null,
      "offer_price": 4.99,
      "normal_price": 4.99,
      "price_per_unit": 4.99,
      "price_unit": "pieces",
      "discount_tag": "1+1 gratis",
      "promo_title": "Sensodyne",
      "validity": "wo 3 t/m di 16 dec",
      "image_url": "https://www.jumbo.com/dam-images/fit-in/360x360/Products/25102025_1761355762101_1761355764023_503478_BLS_05054563117625_C1N1.png",
      "source_url": "https://www.jumbo.com/aanbiedingen/sensodyne/3012026"
    },
    {
      "id": "616713TUB",
      "name": "Sensodyne Extra Fresh Gel 75 ml Tube",
      "brand": "Sensodyne",
      "category": "Drogisterij en baby",
      "unit_size": null,
      "offer_price": 5.79,
      "normal_price": 5.79,
      "price_per_unit": 77.2,
      "price_unit": "l",
      "discount_tag": "1+1 gratis",
      "promo_title": "Sensodyne",
      "validity": "wo 3 t/m di 16 dec",
      "image_url": "https://www.jumbo.com/dam-images/fit-in/360x360/Products/25092025_1758792833467_1758792835986_5054563186300_1.png",
      "source_url": "https://www.jumbo.com/aanbiedingen/sensodyne/3012026"
    },
    {
      "id": "612648ZK",
      "name": "Doritos Flamin Hot Tortilla Chips 160 gr",
      "brand": "Doritos",
      "category": "Koek, snoep, chocolade en chips",
      "unit_size": "160 Gram",
      "offer_price": 2.49,
      "normal_price": 2.49,
      "price_per_unit": 15.56,
      "price_unit": "kg",
      "discount_tag": "2 voor 3,50",
      "promo_title": "Doritos of Bugles",
      "validity": "wo 17 t/m vr 26 dec",
      "image_url": "https://www.jumbo.com/dam-images/fit-in/360x360/Products/25062025_1750865586657_1750865590778_8710398530011_1.png",
      "source_url": "https://www.jumbo.com/aanbiedingen/doritos-of-bugles/3012340"
    },
    {
      "id": "612640ZK",
      "name": "Doritos Barbecue Style Tortilla Chips 170 gr",
      "brand": "Doritos",
      "category": "Koek, snoep, chocolade en chips",
      "unit_size": "170 Gram",
      "offer_price": 2.29,
      "normal_price": 2.29,
      "price_per_unit": 13.47,
      "price_unit": "kg",
      "discount_tag": "2 voor 3,50",
      "promo_title": "Doritos of Bugles",
      "validity": "wo 17 t/m vr 26 dec",
      "image_url": "https://www.jumbo.com/dam-images/fit-in/360x360/Products/26082025_1756170160393_1756170164779_612640_ZK_08710398167477_H1N1.png",
      "source_url": "https://www.jumbo.com/aanbiedingen/doritos-of-bugles/3012340"
    },
    {
      "id": "613305ZK",
      "name": "Doritos Naturel Tortilla Nacho Chips 185 gr",
      "brand": "Doritos",
      "category": "Koek, snoep, chocolade en chips",
      "unit_size": "185 Gram",
      "offer_price": 2.29,
      "normal_price": 2.29,
      "price_per_unit": 12.38,
      "price_unit": "kg",
      "discount_tag": "2 voor 3,50",
      "promo_title": "Doritos of Bugles",
      "validity": "wo 17 t/m vr 26 dec",
      "image_url": "https://www.jumbo.com/dam-images/fit-in/360x360/Products/01052025_1746113586106_1746113591729_8710398523754_1.png",
      "source_url": "https://www.jumbo.com/aanbiedingen/doritos-of-bugles/3012340"
    },
    {
      "id": "515129ZK",
      "name": "Lay's Bugles Nacho Cheese Kaas Chips 125 gr",
      "brand": "Lay's",
      "category": "Koek, snoep, chocolade en chips",
      "unit_size": "125 Gram",
      "offer_price": 2.19,
      "normal_price": 2.19,
      "price_per_unit": 17.52,
      "price_unit": "kg",
      "discount_tag": "2 voor 3,50",
      "promo_title": "Doritos of Bugles",
      "validity": "wo 17 t/m vr 26 dec",
      "image_url": "https://www.jumbo.com/dam-images/fit-in/360x360/Products/15092025_1757954050444_1757954055249_8710398502308_1.png",
      "source_url": "https://www.jumbo.com/aanbiedingen/doritos-of-bugles/3012340"
    },
    {
      "id": "558544ZK",
      "name": "Doritos Sweet Chilli Pepper Tortilla Chips 170 gr",
      "brand": "Doritos",
      "category": "Koek, snoep, chocolade en chips",
      "unit_size": "170 Gram",
      "offer_price": 2.29,
      "normal_price": 2.29,
      "price_per_unit": 13.47,
      "price_unit": "kg",
      "discount_tag": "2 voor 3,50",
      "promo_title": "Doritos of Bugles",
      "validity": "wo 17 t/m vr 26 dec",
      "image_url": "https://www.jumbo.com/dam-images/fit-in/360x360/Products/DoritosSweetChilliPepper170gHERO08710398162045H1N10a5f30e6-c300-47c0-b978-824e4bdd5c01-1754392869233.png",
      "source_url": "https://www.jumbo.com/aanbiedingen/doritos-of-bugles/3012340"
    },
    {
      "id": "356487ZK",
      "name": "Lay's Bugles Naturel Zout Chips 125 g",
      "brand": "Lay's",
      "category": "Koek, snoep, chocolade en chips",
      "unit_size": "131 Gram",
      "offer_price": 2.29,
      "normal_price": 2.29,
      "price_per_unit": 18.32,
      "price_unit": "kg",
      "discount_tag": "2 voor 3,50",
      "promo_title": "Doritos of Bugles",
      "validity": "wo 17 t/m vr 26 dec",
      "image_url": "https://www.jumbo.com/dam-images/fit-in/360x360/Products/03042025_1743676385761_1743676389673_8710398517845_1.png",
      "source_url": "https://www.jumbo.com/aanbiedingen/doritos-of-bugles/3012340"
    },
    {
      "id": "482732ZK",
      "name": "Doritos Pure Paprika Tortilla Chips 170 gr",
      "brand": "Doritos",
      "category": "Koek, snoep, chocolade en chips",
      "unit_size": "170 Gram",
      "offer_price": 2.29,
      "normal_price": 2.29,
      "price_per_unit": 13.47,
      "price_unit": "kg",
      "discount_tag": "2 voor 3,50",
      "promo_title": "Doritos of Bugles",
      "validity": "wo 17 t/m vr 26 dec",
      "image_url": "https://www.jumbo.com/dam-images/fit-in/360x360/Products/28112025_1764325985299_1764325990412_8710398523679_1.png",
      "source_url": "https://www.jumbo.com/aanbiedingen/doritos-of-bugles/3012340"
    },
    {
      "id": "482731ZK",
      "name": "Doritos Cool American Tortilla Chips 170 gr",
      "brand": "Doritos",
      "category": "Koek, snoep, chocolade en chips",
      "unit_size": "170 Gram",
      "offer_price": 2.29,
      "normal_price": 2.29,
      "price_per_unit": 13.47,
      "price_unit": "kg",
      "discount_tag": "2 voor 3,50",
      "promo_title": "Doritos of Bugles",
      "validity": "wo 17 t/m vr 26 dec",
      "image_url": "https://www.jumbo.com/dam-images/fit-in/360x360/Products/05122025_1764945166365_1764945170914_8710398523617_1.png",
      "source_url": "https://www.jumbo.com/aanbiedingen/doritos-of-bugles/3012340"
    },
    {
      "id": "356341ZK",
      "name": "Lay's Bugles Sweet Chilli Chips 125 gr",
      "brand": "Lay's",
      "category": "Koek, snoep, chocolade en chips",
      "unit_size": "125 Gram",
      "offer_price": 2.29,
      "normal_price": 2.29,
      "price_per_unit": 18.32,
      "price_unit": "kg",
      "discount_tag": "2 voor 3,50",
      "promo_title": "Doritos of Bugles",
      "validity": "wo 17 t/m vr 26 dec",
      "image_url": "https://www.jumbo.com/dam-images/fit-in/360x360/Products/02122025_1764682375324_1764682380557_8710398502711_1.png",
      "source_url": "https://www.jumbo.com/aanbiedingen/doritos-of-bugles/3012340"
    },
    {
      "id": "482735ZK",
      "name": "Doritos Nacho Cheese Tortilla Chips 170 gr",
      "brand": "Doritos",
      "category": "Koek, snoep, chocolade en chips",
      "unit_size": "170 Gram",
      "offer_price": 1.99,
      "normal_price": 1.99,
      "price_per_unit": 11.71,
      "price_unit": "kg",
      "discount_tag": "2 voor 3,50",
      "promo_title": "Doritos of Bugles",
      "validity": "wo 17 t/m vr 26 dec",
      "image_url": "https://www.jumbo.com/dam-images/fit-in/360x360/Products/21112025_1763746398133_1763746403391_8710398161987_1.png",
      "source_url": "https://www.jumbo.com/aanbiedingen/doritos-of-bugles/3012340"
    },
    {
      "id": "485514FLS",
      "name": "Calvé Knijpfles Samba Saus 250 ml",
      "brand": "Calvé",
      "category": "Conserven, soepen, sauzen, oliën",
      "unit_size": "250 ml",
      "offer_price": 3.39,
      "normal_price": 3.39,
      "price_per_unit": 13.56,
      "price_unit": "l",
      "discount_tag": "1+1 gratis",
      "promo_title": "Calvé sauzen",
      "validity": "wo 17 t/m vr 26 dec",
      "image_url": "https://www.jumbo.com/dam-images/fit-in/360x360/Products/12082025_1754987602607_1754987608335_8720182269997_1.png",
      "source_url": "https://www.jumbo.com/aanbiedingen/calve-sauzen/3012398"
    },
    {
      "id": "73299FLS",
      "name": "Calvé Saus Knoflook 320 ml",
      "brand": "Calvé",
      "category": "Conserven, soepen, sauzen, oliën",
      "unit_size": "320 ml",
      "offer_price": 2.59,
      "normal_price": 2.59,
      "price_per_unit": 8.09,
      "price_unit": "l",
      "discount_tag": "1+1 gratis",
      "promo_title": "Calvé sauzen",
      "validity": "wo 17 t/m vr 26 dec",
      "image_url": "https://www.jumbo.com/dam-images/fit-in/360x360/Products/29112025_1764389044813_1764389061024_73299_FLS_08720182743558_H1N1.png",
      "source_url": "https://www.jumbo.com/aanbiedingen/calve-sauzen/3012398"
    },
    {
      "id": "613263FLS",
      "name": "Calvé Knijpfles Zoetzuur Saus 250 ml ",
      "brand": "Calvé",
      "category": "Conserven, soepen, sauzen, oliën",
      "unit_size": "250 ml",
      "offer_price": 2.99,
      "normal_price": 2.99,
      "price_per_unit": 11.96,
      "price_unit": "l",
      "discount_tag": "1+1 gratis",
      "promo_title": "Calvé sauzen",
      "validity": "wo 17 t/m vr 26 dec",
      "image_url": "https://www.jumbo.com/dam-images/fit-in/360x360/Products/30072025_1753889672951_1753889678175_8720182783349_1.png",
      "source_url": "https://www.jumbo.com/aanbiedingen/calve-sauzen/3012398"
    },
    {
      "id": "485494FLS",
      "name": "Calvé Dressing Knoflooksaus 250 ml",
      "brand": "Calvé",
      "category": "Conserven, soepen, sauzen, oliën",
      "unit_size": "250 ml",
      "offer_price": 2.89,
      "normal_price": 2.89,
      "price_per_unit": 11.56,
      "price_unit": "l",
      "discount_tag": "1+1 gratis",
      "promo_title": "Calvé sauzen",
      "validity": "wo 17 t/m vr 26 dec",
      "image_url": "https://www.jumbo.com/dam-images/fit-in/360x360/Products/09122025_1765249547700_1765249572895_485494_FLS_08720182255563_H1N1.png",
      "source_url": "https://www.jumbo.com/aanbiedingen/calve-sauzen/3012398"
    },
    {
      "id": "73298FLS",
      "name": "Calvé Saus Whisky Cocktail 320 ml",
      "brand": "Calvé",
      "category": "Conserven, soepen, sauzen, oliën",
      "unit_size": "320 ml",
      "offer_price": 2.59,
      "normal_price": 2.59,
      "price_per_unit": 8.09,
      "price_unit": "l",
      "discount_tag": "1+1 gratis",
      "promo_title": "Calvé sauzen",
      "validity": "wo 17 t/m vr 26 dec",
      "image_url": "https://www.jumbo.com/dam-images/fit-in/360x360/Products/29112025_1764389091354_1764389121045_73298_FLS_08720182743824_H1N1.png",
      "source_url": "https://www.jumbo.com/aanbiedingen/calve-sauzen/3012398"
    },
    {
      "id": "485496FLS",
      "name": "Calvé Knijpfles Broodje Unox Saus 250 ml",
      "brand": "Calvé",
      "category": "Conserven, soepen, sauzen, oliën",
      "unit_size": "250 ml",
      "offer_price": 2.89,
      "normal_price": 2.89,
      "price_per_unit": 11.56,
      "price_unit": "l",
      "discount_tag": "1+1 gratis",
      "promo_title": "Calvé sauzen",
      "validity": "wo 17 t/m vr 26 dec",
      "image_url": "https://www.jumbo.com/dam-images/fit-in/360x360/Products/30102025_1761792619367_1761792645540_485496_FLS_08720182255082_C1N1.png",
      "source_url": "https://www.jumbo.com/aanbiedingen/calve-sauzen/3012398"
    },
    {
      "id": "485499FLS",
      "name": "Calvé Knijpfles Samourai Saus 250 ml",
      "brand": "Calvé",
      "category": "Conserven, soepen, sauzen, oliën",
      "unit_size": "250 ml",
      "offer_price": 2.99,
      "normal_price": 2.99,
      "price_per_unit": 11.96,
      "price_unit": "l",
      "discount_tag": "1+1 gratis",
      "promo_title": "Calvé sauzen",
      "validity": "wo 17 t/m vr 26 dec",
      "image_url": "https://www.jumbo.com/dam-images/fit-in/360x360/Products/14122025_1765681382821_1765681388476_485499_FLS_08720182252982_H1N1.png",
      "source_url": "https://www.jumbo.com/aanbiedingen/calve-sauzen/3012398"
    },
    {
      "id": "613264FLS",
      "name": "Calvé Knijpfles Fiesta Picante Saus 250 ml",
      "brand": "Calvé",
      "category": "Conserven, soepen, sauzen, oliën",
      "unit_size": "250 ml",
      "offer_price": 2.99,
      "normal_price": 2.99,
      "price_per_unit": 11.96,
      "price_unit": "l",
      "discount_tag": "1+1 gratis",
      "promo_title": "Calvé sauzen",
      "validity": "wo 17 t/m vr 26 dec",
      "image_url": "https://www.jumbo.com/dam-images/fit-in/360x360/Products/30032025_1743297046523_1743297061791_613264_FLS_08720182798053_C1N1.png",
      "source_url": "https://www.jumbo.com/aanbiedingen/calve-sauzen/3012398"
    },
    {
      "id": "485498FLS",
      "name": "Calvé Knijpfles BBQ Saus 250 ml",
      "brand": "Calvé",
      "category": "Conserven, soepen, sauzen, oliën",
      "unit_size": "250 ml",
      "offer_price": 2.85,
      "normal_price": 2.85,
      "price_per_unit": 11.4,
      "price_unit": "l",
      "discount_tag": "1+1 gratis",
      "promo_title": "Calvé sauzen",
      "validity": "wo 17 t/m vr 26 dec",
      "image_url": "https://www.jumbo.com/dam-images/fit-in/360x360/Products/14122025_1765681362996_1765681384502_485498_FLS_08720182286864_C1N1.png",
      "source_url": "https://www.jumbo.com/aanbiedingen/calve-sauzen/3012398"
    },
    {
      "id": "198248FLS",
      "name": "Calvé Saus Honing Mosterd 250 ml",
      "brand": "Calvé",
      "category": "Conserven, soepen, sauzen, oliën",
      "unit_size": null,
      "offer_price": 2.79,
      "normal_price": 2.79,
      "price_per_unit": 11.16,
      "price_unit": "l",
      "discount_tag": "1+1 gratis",
      "promo_title": "Calvé sauzen",
      "validity": "wo 17 t/m vr 26 dec",
      "image_url": "https://www.jumbo.com/dam-images/fit-in/360x360/Products/01122025_1764561381730_1764561386620_198248_FLS_08720182743589_H1N1.png",
      "source_url": "https://www.jumbo.com/aanbiedingen/calve-sauzen/3012398"
    },
    {
      "id": "485513FLS",
      "name": "Calvé Knijpfles Ravigotte Saus 250 ml",
      "brand": "Calvé",
      "category": "Conserven, soepen, sauzen, oliën",
      "unit_size": "250 ml",
      "offer_price": 3.29,
      "normal_price": 3.29,
      "price_per_unit": 13.16,
      "price_unit": "l",
      "discount_tag": "1+1 gratis",
      "promo_title": "Calvé sauzen",
      "validity": "wo 17 t/m vr 26 dec",
      "image_url": "https://www.jumbo.com/dam-images/fit-in/360x360/Products/12082025_1754987602556_1754987607377_8720182269966_1.png",
      "source_url": "https://www.jumbo.com/aanbiedingen/calve-sauzen/3012398"
    },
    {
      "id": "485493FLS",
      "name": "Calvé Dressing Hamburger Saus 430 ml",
      "brand": "Calvé",
      "category": "Conserven, soepen, sauzen, oliën",
      "unit_size": "430 ml",
      "offer_price": 3.59,
      "normal_price": 3.59,
      "price_per_unit": 8.35,
      "price_unit": "l",
      "discount_tag": "1+1 gratis",
      "promo_title": "Calvé sauzen",
      "validity": "wo 17 t/m vr 26 dec",
      "image_url": "https://www.jumbo.com/dam-images/fit-in/360x360/Products/12122025_1765507010686_1765507032918_485493_FLS_08720182255556_C1N1.png",
      "source_url": "https://www.jumbo.com/aanbiedingen/calve-sauzen/3012398"
    },
    {
      "id": "52722FLS",
      "name": "Calvé Saus Fles Kerrie 250 ml",
      "brand": "Calvé",
      "category": "Conserven, soepen, sauzen, oliën",
      "unit_size": null,
      "offer_price": 2.39,
      "normal_price": 2.39,
      "price_per_unit": 9.56,
      "price_unit": "l",
      "discount_tag": "1+1 gratis",
      "promo_title": "Calvé sauzen",
      "validity": "wo 17 t/m vr 26 dec",
      "image_url": "https://www.jumbo.com/dam-images/fit-in/360x360/Products/01122025_1764561203677_1764561242644_52722_FLS_08720182750228_H1N1.png",
      "source_url": "https://www.jumbo.com/aanbiedingen/calve-sauzen/3012398"
    },
    {
      "id": "87590FLS",
      "name": "Calvé Saus Samba 320 ml",
      "brand": "Calvé",
      "category": "Conserven, soepen, sauzen, oliën",
      "unit_size": "320 ml",
      "offer_price": 2.59,
      "normal_price": 2.59,
      "price_per_unit": 8.09,
      "price_unit": "l",
      "discount_tag": "1+1 gratis",
      "promo_title": "Calvé sauzen",
      "validity": "wo 17 t/m vr 26 dec",
      "image_url": "https://www.jumbo.com/dam-images/fit-in/360x360/Products/14122025_1765681567661_1765681596309_87590_FLS_08720182755698_H1N1.png",
      "source_url": "https://www.jumbo.com/aanbiedingen/calve-sauzen/3012398"
    },
    {
      "id": "670481FLS",
      "name": "Calvé Saus Cheddar 250 ml",
      "brand": "Calvé",
      "category": "Conserven, soepen, sauzen, oliën",
      "unit_size": "250 ml",
      "offer_price": 2.99,
      "normal_price": 2.99,
      "price_per_unit": 11.96,
      "price_unit": "l",
      "discount_tag": "1+1 gratis",
      "promo_title": "Calvé sauzen",
      "validity": "wo 17 t/m vr 26 dec",
      "image_url": "https://www.jumbo.com/dam-images/fit-in/360x360/Products/21102025_1761010695623_1761010700332_670481_FLS_08721201923357_H1N1.png",
      "source_url": "https://www.jumbo.com/aanbiedingen/calve-sauzen/3012398"
    },
    {
      "id": "198249FLS",
      "name": "Calvé Saus Schaschlik 250 ml",
      "brand": "Calvé",
      "category": "Conserven, soepen, sauzen, oliën",
      "unit_size": "250 ml",
      "offer_price": 2.59,
      "normal_price": 2.59,
      "price_per_unit": 10.36,
      "price_unit": "l",
      "discount_tag": "1+1 gratis",
      "promo_title": "Calvé sauzen",
      "validity": "wo 17 t/m vr 26 dec",
      "image_url": "https://www.jumbo.com/dam-images/fit-in/360x360/Products/01122025_1764561404416_1764561409409_198249_FLS_08714100860571_H1N1.png",
      "source_url": "https://www.jumbo.com/aanbiedingen/calve-sauzen/3012398"
    },
    {
      "id": "485492FLS",
      "name": "Calvé Dressing Knoflooksaus 430 ml",
      "brand": "Calvé",
      "category": "Conserven, soepen, sauzen, oliën",
      "unit_size": "430 ml",
      "offer_price": 3.69,
      "normal_price": 3.69,
      "price_per_unit": 8.58,
      "price_unit": "l",
      "discount_tag": "1+1 gratis",
      "promo_title": "Calvé sauzen",
      "validity": "wo 17 t/m vr 26 dec",
      "image_url": "https://www.jumbo.com/dam-images/fit-in/360x360/Products/30072025_1753889671757_1753889676816_8720181202650_1.png",
      "source_url": "https://www.jumbo.com/aanbiedingen/calve-sauzen/3012398"
    },
    {
      "id": "485495FLS",
      "name": "Calvé Knijpfles Chunky Burger Saus 250 ml",
      "brand": "Calvé",
      "category": "Conserven, soepen, sauzen, oliën",
      "unit_size": "250 ml",
      "offer_price": 2.95,
      "normal_price": 2.95,
      "price_per_unit": 11.8,
      "price_unit": "l",
      "discount_tag": "1+1 gratis",
      "promo_title": "Calvé sauzen",
      "validity": "wo 17 t/m vr 26 dec",
      "image_url": "https://www.jumbo.com/dam-images/fit-in/360x360/Products/14122025_1765681760601_1765681782868_485495_FLS_08720182255402_C1N1.png",
      "source_url": "https://www.jumbo.com/aanbiedingen/calve-sauzen/3012398"
    },
    {
      "id": "485510FLS",
      "name": "Calvé Knijpfles Mosterd Saus 250 ml",
      "brand": "Calvé",
      "category": "Conserven, soepen, sauzen, oliën",
      "unit_size": "250 ml",
      "offer_price": 2.69,
      "normal_price": 2.69,
      "price_per_unit": 10.76,
      "price_unit": "l",
      "discount_tag": "1+1 gratis",
      "promo_title": "Calvé sauzen",
      "validity": "wo 17 t/m vr 26 dec",
      "image_url": "https://www.jumbo.com/dam-images/fit-in/360x360/Products/09122025_1765247452885_1765247478719_485510_FLS_08720182253033_H1N1.png",
      "source_url": "https://www.jumbo.com/aanbiedingen/calve-sauzen/3012398"
    },
    {
      "id": "633304FLS",
      "name": "Calvé Saus Honey BBQ 320 ml",
      "brand": "Calvé",
      "category": "Conserven, soepen, sauzen, oliën",
      "unit_size": "320 ml",
      "offer_price": 2.59,
      "normal_price": 2.59,
      "price_per_unit": 8.09,
      "price_unit": "l",
      "discount_tag": "1+1 gratis",
      "promo_title": "Calvé sauzen",
      "validity": "wo 17 t/m vr 26 dec",
      "image_url": "https://www.jumbo.com/dam-images/fit-in/360x360/Products/12082025_1754994819876_1754994825994_8720182779540_1.png",
      "source_url": "https://www.jumbo.com/aanbiedingen/calve-sauzen/3012398"
    },
    {
      "id": "153801CUP",
      "name": "Johma Garnalensalade 175 g",
      "brand": "Johma",
      "category": "Vleeswaren, kaas en tapas",
      "unit_size": "175 g",
      "offer_price": 3.65,
      "normal_price": 3.65,
      "price_per_unit": 20.86,
      "price_unit": "kg",
      "discount_tag": "3 voor 6,00",
      "promo_title": "Johma salades",
      "validity": "wo 17 t/m vr 26 dec",
      "image_url": "https://www.jumbo.com/dam-images/fit-in/360x360/Products/08062025_1749348431747_1749348449500_153801_CUP_08710506060737_H1N1_v01.png",
      "source_url": "https://www.jumbo.com/aanbiedingen/johma-salades/3012299"
    },
    {
      "id": "171741CUP",
      "name": "Johma Kip-Kerrie Salade 175 g",
      "brand": "Johma",
      "category": "Vleeswaren, kaas en tapas",
      "unit_size": "175 g",
      "offer_price": 3.25,
      "normal_price": 3.25,
      "price_per_unit": 18.57,
      "price_unit": "kg",
      "discount_tag": "3 voor 6,00",
      "promo_title": "Johma salades",
      "validity": "wo 17 t/m vr 26 dec",
      "image_url": "https://www.jumbo.com/dam-images/fit-in/360x360/Products/06122025_1764988674687_1764988679343_171741_CUP_08710506066401_H1N1.png",
      "source_url": "https://www.jumbo.com/aanbiedingen/johma-salades/3012299"
    },
    {
      "id": "136211BAK",
      "name": "Johma Twents Kruidentuintjesalade 175 g",
      "brand": "Johma",
      "category": "Vleeswaren, kaas en tapas",
      "unit_size": "175 g",
      "offer_price": 2.59,
      "normal_price": 2.59,
      "price_per_unit": 14.8,
      "price_unit": "kg",
      "discount_tag": "3 voor 6,00",
      "promo_title": "Johma salades",
      "validity": "wo 17 t/m vr 26 dec",
      "image_url": "https://www.jumbo.com/dam-images/fit-in/360x360/Products/12122025_1765505384119_1765505396913_136211_BAK_08710506069006_H1N1.png",
      "source_url": "https://www.jumbo.com/aanbiedingen/johma-salades/3012299"
    },
    {
      "id": "551126BAK",
      "name": "Johma Oudekaas Sweet Chili Salade 175 g",
      "brand": "Johma",
      "category": "Vleeswaren, kaas en tapas",
      "unit_size": "175 g",
      "offer_price": 3.49,
      "normal_price": 3.49,
      "price_per_unit": 19.94,
      "price_unit": "kg",
      "discount_tag": "3 voor 6,00",
      "promo_title": "Johma salades",
      "validity": "wo 17 t/m vr 26 dec",
      "image_url": "https://www.jumbo.com/dam-images/fit-in/360x360/Products/06122025_1764991314896_1764991324016_551126_BAK_08710506086584_C1N1.png",
      "source_url": "https://www.jumbo.com/aanbiedingen/johma-salades/3012299"
    },
    {
      "id": "551128BAK",
      "name": "Johma kip-pestosalade 175 g",
      "brand": "Johma",
      "category": "Vleeswaren, kaas en tapas",
      "unit_size": "175 g",
      "offer_price": 3.49,
      "normal_price": 3.49,
      "price_per_unit": 19.94,
      "price_unit": "kg",
      "discount_tag": "3 voor 6,00",
      "promo_title": "Johma salades",
      "validity": "wo 17 t/m vr 26 dec",
      "image_url": "https://www.jumbo.com/dam-images/fit-in/360x360/Products/09012025_1736388991758_1736389003161_551128_BAK_08710506086553_C1N1.png",
      "source_url": "https://www.jumbo.com/aanbiedingen/johma-salades/3012299"
    },
    {
      "id": "479031CUP",
      "name": "Johma Tonijnsalade 175 g",
      "brand": "Johma",
      "category": "Vleeswaren, kaas en tapas",
      "unit_size": "175 g",
      "offer_price": 3.45,
      "normal_price": 3.45,
      "price_per_unit": 19.71,
      "price_unit": "kg",
      "discount_tag": "3 voor 6,00",
      "promo_title": "Johma salades",
      "validity": "wo 17 t/m vr 26 dec",
      "image_url": "https://www.jumbo.com/dam-images/fit-in/360x360/Products/05092025_1757039672719_1757039683779_479031_CUP_08710506084726_H1N1_v01.png",
      "source_url": "https://www.jumbo.com/aanbiedingen/johma-salades/3012299"
    },
    {
      "id": "94632BAK",
      "name": "Johma Surimi-Krab Salade 175 g",
      "brand": "Johma",
      "category": "Vleeswaren, kaas en tapas",
      "unit_size": "175 g",
      "offer_price": 3.45,
      "normal_price": 3.45,
      "price_per_unit": 19.71,
      "price_unit": "kg",
      "discount_tag": "3 voor 6,00",
      "promo_title": "Johma salades",
      "validity": "wo 17 t/m vr 26 dec",
      "image_url": "https://www.jumbo.com/dam-images/fit-in/360x360/Products/08062025_1749346918903_1749346933396_94632_BAK_08710506039061_H1N1_v01.png",
      "source_url": "https://www.jumbo.com/aanbiedingen/johma-salades/3012299"
    },
    {
      "id": "76296BAK",
      "name": "Johma Kip-Sambasalade 175 g",
      "brand": "Johma",
      "category": "Vleeswaren, kaas en tapas",
      "unit_size": "175 g",
      "offer_price": 2.99,
      "normal_price": 2.99,
      "price_per_unit": 17.09,
      "price_unit": "kg",
      "discount_tag": "3 voor 6,00",
      "promo_title": "Johma salades",
      "validity": "wo 17 t/m vr 26 dec",
      "image_url": "https://www.jumbo.com/dam-images/fit-in/360x360/Products/12122025_1765505637121_1765505642096_76296_BAK_08710506038125_H1N1.png",
      "source_url": "https://www.jumbo.com/aanbiedingen/johma-salades/3012299"
    },
    {
      "id": "184221STK",
      "name": "Johma Oudekaas Pestosalade 175 g",
      "brand": "Johma",
      "category": "Vleeswaren, kaas en tapas",
      "unit_size": "175 g",
      "offer_price": 3.89,
      "normal_price": 3.89,
      "price_per_unit": 22.23,
      "price_unit": "kg",
      "discount_tag": "3 voor 6,00",
      "promo_title": "Johma salades",
      "validity": "wo 17 t/m vr 26 dec",
      "image_url": "https://www.jumbo.com/dam-images/fit-in/360x360/Products/12122025_1765506654460_1765506697458_184221_STK_08710506089370_H1N1_v01.png",
      "source_url": "https://www.jumbo.com/aanbiedingen/johma-salades/3012299"
    },
    {
      "id": "171969CUP",
      "name": "Johma Pikante Kip-Kerrie Salade 175 g",
      "brand": "Johma",
      "category": "Vleeswaren, kaas en tapas",
      "unit_size": "175 g",
      "offer_price": 3.25,
      "normal_price": 3.25,
      "price_per_unit": 18.57,
      "price_unit": "kg",
      "discount_tag": "3 voor 6,00",
      "promo_title": "Johma salades",
      "validity": "wo 17 t/m vr 26 dec",
      "image_url": "https://www.jumbo.com/dam-images/fit-in/360x360/Products/12122025_1765505614352_1765505626416_171969_CUP_08710506066432_H1N1.png",
      "source_url": "https://www.jumbo.com/aanbiedingen/johma-salades/3012299"
    },
    {
      "id": "478999CUP",
      "name": "Johma 100% Plantaardig Kip-Kerrie Salade 175 g",
      "brand": "Johma",
      "category": "Vleeswaren, kaas en tapas",
      "unit_size": "175 g",
      "offer_price": 3.19,
      "normal_price": 3.19,
      "price_per_unit": 18.23,
      "price_unit": "kg",
      "discount_tag": "3 voor 6,00",
      "promo_title": "Johma salades",
      "validity": "wo 17 t/m vr 26 dec",
      "image_url": "https://www.jumbo.com/dam-images/fit-in/360x360/Products/19062025_1750304047867_1750304067823_478999_CUP_08710506084443_C1N1.png",
      "source_url": "https://www.jumbo.com/aanbiedingen/johma-salades/3012299"
    },
    {
      "id": "479000CUP",
      "name": "Johma 100% Plantaardig Alternatief voor Kip-Sambasalade 175 g",
      "brand": "Johma",
      "category": "Vleeswaren, kaas en tapas",
      "unit_size": "175 g",
      "offer_price": 3.49,
      "normal_price": 3.49,
      "price_per_unit": 19.94,
      "price_unit": "kg",
      "discount_tag": "3 voor 6,00",
      "promo_title": "Johma salades",
      "validity": "wo 17 t/m vr 26 dec",
      "image_url": "https://www.jumbo.com/dam-images/fit-in/360x360/Products/30112025_1764473074109_1764473087645_479000_CUP_08710506084474_H1N1.png",
      "source_url": "https://www.jumbo.com/aanbiedingen/johma-salades/3012299"
    },
    {
      "id": "602799CUP",
      "name": "Johma kip-zoetechilisalade 175g",
      "brand": "Johma",
      "category": "Vleeswaren, kaas en tapas",
      "unit_size": "175 g",
      "offer_price": 3.49,
      "normal_price": 3.49,
      "price_per_unit": 19.94,
      "price_unit": "kg",
      "discount_tag": "3 voor 6,00",
      "promo_title": "Johma salades",
      "validity": "wo 17 t/m vr 26 dec",
      "image_url": "https://www.jumbo.com/dam-images/fit-in/360x360/Products/13112025_1763006982573_1763007004622_602799_CUP_08710506089301_H1N1_v01.png",
      "source_url": "https://www.jumbo.com/aanbiedingen/johma-salades/3012299"
    },
    {
      "id": "93335BAK",
      "name": "Johma Farmersalade 175 g",
      "brand": "Johma",
      "category": "Vleeswaren, kaas en tapas",
      "unit_size": "175 g",
      "offer_price": 2.59,
      "normal_price": 2.59,
      "price_per_unit": 14.8,
      "price_unit": "kg",
      "discount_tag": "3 voor 6,00",
      "promo_title": "Johma salades",
      "validity": "wo 17 t/m vr 26 dec",
      "image_url": "https://www.jumbo.com/dam-images/fit-in/360x360/Products/17102025_1760665184695_1760665195075_93335_BAK_08710506039085_C1N1.png",
      "source_url": "https://www.jumbo.com/aanbiedingen/johma-salades/3012299"
    },
    {
      "id": "638118CUP",
      "name": "Johma Tonijnsalade 175 g",
      "brand": "Johma",
      "category": "Vleeswaren, kaas en tapas",
      "unit_size": "175 g",
      "offer_price": 3.19,
      "normal_price": 3.19,
      "price_per_unit": 18.23,
      "price_unit": "kg",
      "discount_tag": "3 voor 6,00",
      "promo_title": "Johma salades",
      "validity": "wo 17 t/m vr 26 dec",
      "image_url": "https://www.jumbo.com/dam-images/fit-in/360x360/Products/20122024_1734698014923_1734698021942_8710506084504_1.png",
      "source_url": "https://www.jumbo.com/aanbiedingen/johma-salades/3012299"
    },
    {
      "id": "63411BAK",
      "name": "Johma Zalmsalade 175 g",
      "brand": "Johma",
      "category": "Vleeswaren, kaas en tapas",
      "unit_size": "175 g",
      "offer_price": 3.89,
      "normal_price": 3.89,
      "price_per_unit": 22.23,
      "price_unit": "kg",
      "discount_tag": "3 voor 6,00",
      "promo_title": "Johma salades",
      "validity": "wo 17 t/m vr 26 dec",
      "image_url": "https://www.jumbo.com/dam-images/fit-in/360x360/Products/06082025_1754442944234_1754442955787_63411_BAK_08710506037067_C1N1.png",
      "source_url": "https://www.jumbo.com/aanbiedingen/johma-salades/3012299"
    },
    {
      "id": "683120CUP",
      "name": "Johma Japanse Tonijn Sesamsalade 175g",
      "brand": "Johma",
      "category": "Vleeswaren, kaas en tapas",
      "unit_size": null,
      "offer_price": 3.29,
      "normal_price": 3.29,
      "price_per_unit": 18.8,
      "price_unit": "kg",
      "discount_tag": "3 voor 6,00",
      "promo_title": "Johma salades",
      "validity": "wo 17 t/m vr 26 dec",
      "image_url": "https://www.jumbo.com/dam-images/fit-in/360x360/Products/07062025_1749260551131_1749260565917_683120_CUP_08710506091304_H1N1_v01.png",
      "source_url": "https://www.jumbo.com/aanbiedingen/johma-salades/3012299"
    },
    {
      "id": "94752BAK",
      "name": "Johma Surinaamse Eisalade 175 g",
      "brand": "Johma",
      "category": "Vleeswaren, kaas en tapas",
      "unit_size": "175 g",
      "offer_price": 3.19,
      "normal_price": 3.19,
      "price_per_unit": 18.23,
      "price_unit": "kg",
      "discount_tag": "3 voor 6,00",
      "promo_title": "Johma salades",
      "validity": "wo 17 t/m vr 26 dec",
      "image_url": "https://www.jumbo.com/dam-images/fit-in/360x360/Products/05092025_1757039317418_1757039334228_94752_BAK_08710506039108_H1N1_v01.png",
      "source_url": "https://www.jumbo.com/aanbiedingen/johma-salades/3012299"
    },
    {
      "id": "479001CUP",
      "name": "Johma Frisse Tonijnsalade 175 g",
      "brand": "Johma",
      "category": "Vleeswaren, kaas en tapas",
      "unit_size": "175 g",
      "offer_price": 2.99,
      "normal_price": 2.99,
      "price_per_unit": 17.09,
      "price_unit": "kg",
      "discount_tag": "3 voor 6,00",
      "promo_title": "Johma salades",
      "validity": "wo 17 t/m vr 26 dec",
      "image_url": "https://www.jumbo.com/dam-images/fit-in/360x360/Products/12122025_1765509377668_1765509387365_479001_CUP_08710506084788_H1N1.png",
      "source_url": "https://www.jumbo.com/aanbiedingen/johma-salades/3012299"
    },
    {
      "id": "683108CUP",
      "name": "Johma Vlamsalade 175g",
      "brand": "Johma",
      "category": "Vleeswaren, kaas en tapas",
      "unit_size": null,
      "offer_price": 3.45,
      "normal_price": 3.45,
      "price_per_unit": 19.71,
      "price_unit": "kg",
      "discount_tag": "3 voor 6,00",
      "promo_title": "Johma salades",
      "validity": "wo 17 t/m vr 26 dec",
      "image_url": "https://www.jumbo.com/dam-images/fit-in/360x360/Products/23052025_1747967432162_1747967449369_683108_CUP_08710506091274_C1N1.png",
      "source_url": "https://www.jumbo.com/aanbiedingen/johma-salades/3012299"
    },
    {
      "id": "82170BAK",
      "name": "Johma Oudekaas Salade 175 g",
      "brand": "Johma",
      "category": "Vleeswaren, kaas en tapas",
      "unit_size": "175 g",
      "offer_price": 3.29,
      "normal_price": 3.29,
      "price_per_unit": 18.8,
      "price_unit": "kg",
      "discount_tag": "3 voor 6,00",
      "promo_title": "Johma salades",
      "validity": "wo 17 t/m vr 26 dec",
      "image_url": "https://www.jumbo.com/dam-images/fit-in/360x360/Products/10082025_1754788481753_1754788493469_82170_BAK_08710506038101_C1N1.png",
      "source_url": "https://www.jumbo.com/aanbiedingen/johma-salades/3012299"
    },
    {
      "id": "153787CUP",
      "name": "Johma Beenhamsalade 175 g",
      "brand": "Johma",
      "category": "Vleeswaren, kaas en tapas",
      "unit_size": "175 g",
      "offer_price": 3.19,
      "normal_price": 3.19,
      "price_per_unit": 18.23,
      "price_unit": "kg",
      "discount_tag": "3 voor 6,00",
      "promo_title": "Johma salades",
      "validity": "wo 17 t/m vr 26 dec",
      "image_url": "https://www.jumbo.com/dam-images/fit-in/360x360/Products/19062025_1750305314873_1750305323836_153787_CUP_08710506037166_C1N1.png",
      "source_url": "https://www.jumbo.com/aanbiedingen/johma-salades/3012299"
    },
    {
      "id": "90126BAK",
      "name": "Johma Eisalade 175 g",
      "brand": "Johma",
      "category": "Vleeswaren, kaas en tapas",
      "unit_size": "175 g",
      "offer_price": 2.99,
      "normal_price": 2.99,
      "price_per_unit": 17.09,
      "price_unit": "kg",
      "discount_tag": "3 voor 6,00",
      "promo_title": "Johma salades",
      "validity": "wo 17 t/m vr 26 dec",
      "image_url": "https://www.jumbo.com/dam-images/fit-in/360x360/Products/31072025_1753925348397_1753925357288_90126_BAK_08710506039023_C1N1.png",
      "source_url": "https://www.jumbo.com/aanbiedingen/johma-salades/3012299"
    },
    {
      "id": "184222STK",
      "name": "Johma Gevuld Eitje Salade 175 g",
      "brand": "Johma",
      "category": "Vleeswaren, kaas en tapas",
      "unit_size": "175 g",
      "offer_price": 3.25,
      "normal_price": 3.25,
      "price_per_unit": 18.57,
      "price_unit": "kg",
      "discount_tag": "3 voor 6,00",
      "promo_title": "Johma salades",
      "validity": "wo 17 t/m vr 26 dec",
      "image_url": "https://www.jumbo.com/dam-images/fit-in/360x360/Products/17102025_1760665110803_1760665128789_184222_STK_08710506070538_H1N1.png",
      "source_url": "https://www.jumbo.com/aanbiedingen/johma-salades/3012299"
    },
    {
      "id": "90128BAK",
      "name": "Johma Kip-Saté Salade 175 g",
      "brand": "Johma",
      "category": "Vleeswaren, kaas en tapas",
      "unit_size": "175 g",
      "offer_price": 3.29,
      "normal_price": 3.29,
      "price_per_unit": 18.8,
      "price_unit": "kg",
      "discount_tag": "3 voor 6,00",
      "promo_title": "Johma salades",
      "validity": "wo 17 t/m vr 26 dec",
      "image_url": "https://www.jumbo.com/dam-images/fit-in/360x360/Products/02012025_1735784688680_1735784699495_90128_BAK_08710506039146_C1N1.png",
      "source_url": "https://www.jumbo.com/aanbiedingen/johma-salades/3012299"
    },
    {
      "id": "203676STK",
      "name": "Johma Kip-Mango Salade 175 g",
      "brand": "Johma",
      "category": "Vleeswaren, kaas en tapas",
      "unit_size": "175 g",
      "offer_price": 3.35,
      "normal_price": 3.35,
      "price_per_unit": 19.14,
      "price_unit": "kg",
      "discount_tag": "3 voor 6,00",
      "promo_title": "Johma salades",
      "validity": "wo 17 t/m vr 26 dec",
      "image_url": "https://www.jumbo.com/dam-images/fit-in/360x360/Products/06082025_1754445391565_1754445407540_203676_STK_08710506073683_C1N1.png",
      "source_url": "https://www.jumbo.com/aanbiedingen/johma-salades/3012299"
    },
    {
      "id": "683107CUP",
      "name": "Johma Surimi Rode Currysalade 175g",
      "brand": "Johma",
      "category": "Vleeswaren, kaas en tapas",
      "unit_size": null,
      "offer_price": 2.99,
      "normal_price": 2.99,
      "price_per_unit": 17.09,
      "price_unit": "kg",
      "discount_tag": "3 voor 6,00",
      "promo_title": "Johma salades",
      "validity": "wo 17 t/m vr 26 dec",
      "image_url": "https://www.jumbo.com/dam-images/fit-in/360x360/Products/16052025_1747362487885_1747362497685_683107_CUP_08710506091335_C1N1.png",
      "source_url": "https://www.jumbo.com/aanbiedingen/johma-salades/3012299"
    },
    {
      "id": "602820CUP",
      "name": "Johma Oet Twente Ham-Prei Salade 175 g",
      "brand": "Johma",
      "category": "Vleeswaren, kaas en tapas",
      "unit_size": "175 g",
      "offer_price": 3.25,
      "normal_price": 3.25,
      "price_per_unit": 18.57,
      "price_unit": "kg",
      "discount_tag": "3 voor 6,00",
      "promo_title": "Johma salades",
      "validity": "wo 17 t/m vr 26 dec",
      "image_url": "https://www.jumbo.com/dam-images/fit-in/360x360/Products/09012025_1736388847542_1736388863884_602820_CUP_08710506086645_C1N1.png",
      "source_url": "https://www.jumbo.com/aanbiedingen/johma-salades/3012299"
    },
    {
      "id": "681108STK",
      "name": "Jumbo Fijnproevers IJslandse Gerookte Zalm Lang Gesneden 100 g",
      "brand": "Jumbo",
      "category": "Vlees, vis en vega",
      "unit_size": null,
      "offer_price": 4.99,
      "normal_price": 4.99,
      "price_per_unit": 49.9,
      "price_unit": "kg",
      "discount_tag": "1+1 gratis",
      "promo_title": "Jumbo gerookte zalm",
      "validity": "wo 17 t/m vr 26 dec",
      "image_url": "https://www.jumbo.com/dam-images/fit-in/360x360/Products/29092023_1695996142839_1695996147583_8718452660339_1.png",
      "source_url": "https://www.jumbo.com/aanbiedingen/jumbo-gerookte-zalm/3012468"
    },
    {
      "id": "681121STK",
      "name": "Jumbo Biologisch Noorse Zalm Hout Gerookt 100 g",
      "brand": "Jumbo",
      "category": "Vlees, vis en vega",
      "unit_size": null,
      "offer_price": 5.09,
      "normal_price": 5.09,
      "price_per_unit": 50.9,
      "price_unit": "kg",
      "discount_tag": "1+1 gratis",
      "promo_title": "Jumbo gerookte zalm",
      "validity": "wo 17 t/m vr 26 dec",
      "image_url": "https://www.jumbo.com/dam-images/fit-in/360x360/Products/10082023_1691675707607_1691675714626_8718452593101_1.png",
      "source_url": "https://www.jumbo.com/aanbiedingen/jumbo-gerookte-zalm/3012468"
    },
    {
      "id": "680372STK",
      "name": "Jumbo Noorse Zalm Houtgerookt 100 g",
      "brand": "Jumbo",
      "category": "Vlees, vis en vega",
      "unit_size": "100 g",
      "offer_price": 4.59,
      "normal_price": 4.59,
      "price_per_unit": 45.9,
      "price_unit": "kg",
      "discount_tag": "1+1 gratis",
      "promo_title": "Jumbo gerookte zalm",
      "validity": "wo 17 t/m vr 26 dec",
      "image_url": "https://www.jumbo.com/dam-images/fit-in/360x360/Products/09092025_1757421322439_1757421332359_8718452764372_1.png",
      "source_url": "https://www.jumbo.com/aanbiedingen/jumbo-gerookte-zalm/3012468"
    },
    {
      "id": "681103STK",
      "name": "Jumbo Plantaardig Gerookte Zalm 100g",
      "brand": "Jumbo",
      "category": "Vlees, vis en vega",
      "unit_size": null,
      "offer_price": 4.59,
      "normal_price": 4.59,
      "price_per_unit": 45.9,
      "price_unit": "kg",
      "discount_tag": "1+1 gratis",
      "promo_title": "Jumbo gerookte zalm",
      "validity": "wo 17 t/m vr 26 dec",
      "image_url": "https://www.jumbo.com/dam-images/fit-in/360x360/Products/11112024_1731339258765_1731339275829_8718452807284_1.png",
      "source_url": "https://www.jumbo.com/aanbiedingen/jumbo-gerookte-zalm/3012468"
    },
    {
      "id": "712284STK",
      "name": "Jumbo Noorse Zalm Houtgerookt 100 g",
      "brand": "Jumbo",
      "category": "Vlees, vis en vega",
      "unit_size": "100 g",
      "offer_price": 4.59,
      "normal_price": 4.59,
      "price_per_unit": 45.9,
      "price_unit": "kg",
      "discount_tag": "1+1 gratis",
      "promo_title": "Jumbo gerookte zalm",
      "validity": "wo 17 t/m vr 26 dec",
      "image_url": "https://www.jumbo.com/dam-images/fit-in/360x360/Products/09092025_1757421322226_1757421338221_8718452764372_1.png",
      "source_url": "https://www.jumbo.com/aanbiedingen/jumbo-gerookte-zalm/3012468"
    },
    {
      "id": "712283STK",
      "name": "Jumbo Noorse Zalm 100 g",
      "brand": "Jumbo",
      "category": "Vlees, vis en vega",
      "unit_size": "100 g",
      "offer_price": 4.59,
      "normal_price": 4.59,
      "price_per_unit": 45.9,
      "price_unit": "kg",
      "discount_tag": "1+1 gratis",
      "promo_title": "Jumbo gerookte zalm",
      "validity": "wo 17 t/m vr 26 dec",
      "image_url": "https://www.jumbo.com/dam-images/fit-in/360x360/Products/11092025_1757588655289_1757588660555_8718452671311_1.png",
      "source_url": "https://www.jumbo.com/aanbiedingen/jumbo-gerookte-zalm/3012468"
    },
    {
      "id": "680371STK",
      "name": "Jumbo Noorse Zalm 100 g",
      "brand": "Jumbo",
      "category": "Vlees, vis en vega",
      "unit_size": "100 g",
      "offer_price": 4.59,
      "normal_price": 4.59,
      "price_per_unit": 45.9,
      "price_unit": "kg",
      "discount_tag": "1+1 gratis",
      "promo_title": "Jumbo gerookte zalm",
      "validity": "wo 17 t/m vr 26 dec",
      "image_url": "https://www.jumbo.com/dam-images/fit-in/360x360/Products/11092025_1757588654448_1757588660036_8718452671311_1.png",
      "source_url": "https://www.jumbo.com/aanbiedingen/jumbo-gerookte-zalm/3012468"
    },
    {
      "id": "428482FLS",
      "name": "Fuze Tea Green Iced Tea Mango Chamomile 1,25 L",
      "brand": "Fuze Tea",
      "category": "Frisdrank en sappen",
      "unit_size": "1.25 L",
      "offer_price": 2.75,
      "normal_price": 2.75,
      "price_per_unit": 2.2,
      "price_unit": "l",
      "discount_tag": "3+2 gratis",
      "promo_title": "Coca-Cola, Fanta of Fuze Tea",
      "validity": "wo 17 t/m vr 26 dec",
      "image_url": "https://www.jumbo.com/dam-images/fit-in/360x360/Products/22052025_1747878360561_1747878368213_428482_FLS_05000112646412_H1N1.png",
      "source_url": "https://www.jumbo.com/aanbiedingen/coca-cola-fanta-of-fuze-tea/3012425"
    },
    {
      "id": "428484FLS",
      "name": "Fuze Tea Green Iced Tea 1,25 L",
      "brand": "Fuze Tea",
      "category": "Frisdrank en sappen",
      "unit_size": "1.25 L",
      "offer_price": 2.75,
      "normal_price": 2.75,
      "price_per_unit": 2.2,
      "price_unit": "l",
      "discount_tag": "3+2 gratis",
      "promo_title": "Coca-Cola, Fanta of Fuze Tea",
      "validity": "wo 17 t/m vr 26 dec",
      "image_url": "https://www.jumbo.com/dam-images/fit-in/360x360/Products/14082025_1755137683923_1755137691767_428484_FLS_05000112646399_H1N1.png",
      "source_url": "https://www.jumbo.com/aanbiedingen/coca-cola-fanta-of-fuze-tea/3012425"
    },
    {
      "id": "429170FLS",
      "name": "Coca-Cola Zero Sugar 1 L",
      "brand": "Coca-Cola",
      "category": "Frisdrank en sappen",
      "unit_size": "1 L",
      "offer_price": 2.39,
      "normal_price": 2.39,
      "price_per_unit": 2.39,
      "price_unit": "l",
      "discount_tag": "3+2 gratis",
      "promo_title": "Coca-Cola, Fanta of Fuze Tea",
      "validity": "wo 17 t/m vr 26 dec",
      "image_url": "https://www.jumbo.com/dam-images/fit-in/360x360/Products/03122025_1764729677372_1764729683686_429170_FLS_05000112646702_H1N1.png",
      "source_url": "https://www.jumbo.com/aanbiedingen/coca-cola-fanta-of-fuze-tea/3012425"
    },
    {
      "id": "428477FLS",
      "name": "Fanta Orange 1 L",
      "brand": "Fanta",
      "category": "Frisdrank en sappen",
      "unit_size": "1 L",
      "offer_price": 2.39,
      "normal_price": 2.39,
      "price_per_unit": 2.39,
      "price_unit": "l",
      "discount_tag": "3+2 gratis",
      "promo_title": "Coca-Cola, Fanta of Fuze Tea",
      "validity": "wo 17 t/m vr 26 dec",
      "image_url": "https://www.jumbo.com/dam-images/fit-in/360x360/Products/15022025_1739590133562_1739590140415_428477_FLS_05000112646122_H1N1.png",
      "source_url": "https://www.jumbo.com/aanbiedingen/coca-cola-fanta-of-fuze-tea/3012425"
    },
    {
      "id": "428470FLS",
      "name": "Coca-Cola Original Taste 1 L",
      "brand": "Coca-Cola",
      "category": "Frisdrank en sappen",
      "unit_size": "1 L",
      "offer_price": 2.39,
      "normal_price": 2.39,
      "price_per_unit": 2.39,
      "price_unit": "l",
      "discount_tag": "3+2 gratis",
      "promo_title": "Coca-Cola, Fanta of Fuze Tea",
      "validity": "wo 17 t/m vr 26 dec",
      "image_url": "https://www.jumbo.com/dam-images/fit-in/360x360/Products/03122025_1764731951545_1764731958759_428470_FLS_05000112646634_H1N1.png",
      "source_url": "https://www.jumbo.com/aanbiedingen/coca-cola-fanta-of-fuze-tea/3012425"
    },
    {
      "id": "428476FLS",
      "name": "Fuze Tea Sparkling Black Tea 1,25 L",
      "brand": "Fuze Tea",
      "category": "Frisdrank en sappen",
      "unit_size": "1.25 L",
      "offer_price": 2.75,
      "normal_price": 2.75,
      "price_per_unit": 2.2,
      "price_unit": "l",
      "discount_tag": "3+2 gratis",
      "promo_title": "Coca-Cola, Fanta of Fuze Tea",
      "validity": "wo 17 t/m vr 26 dec",
      "image_url": "https://www.jumbo.com/dam-images/fit-in/360x360/Products/07102025_1759802977111_1759802984790_428476_FLS_05000112646382_H1N1.png",
      "source_url": "https://www.jumbo.com/aanbiedingen/coca-cola-fanta-of-fuze-tea/3012425"
    },
    {
      "id": "471654FLS",
      "name": "Coca-Cola Zero Sugar Zero Cafeïne 1 L",
      "brand": "Coca-Cola",
      "category": "Frisdrank en sappen",
      "unit_size": "1 L",
      "offer_price": 2.39,
      "normal_price": 2.39,
      "price_per_unit": 2.39,
      "price_unit": "l",
      "discount_tag": "3+2 gratis",
      "promo_title": "Coca-Cola, Fanta of Fuze Tea",
      "validity": "wo 17 t/m vr 26 dec",
      "image_url": "https://www.jumbo.com/dam-images/fit-in/360x360/Products/03122025_1764735139890_1764735152254_471654_FLS_05000112654462_H1N1.png",
      "source_url": "https://www.jumbo.com/aanbiedingen/coca-cola-fanta-of-fuze-tea/3012425"
    },
    {
      "id": "462869FLS",
      "name": "Fanta Orange zero sugar 1 L",
      "brand": "Fanta",
      "category": "Frisdrank en sappen",
      "unit_size": "1 L",
      "offer_price": 2.39,
      "normal_price": 2.39,
      "price_per_unit": 2.39,
      "price_unit": "l",
      "discount_tag": "3+2 gratis",
      "promo_title": "Coca-Cola, Fanta of Fuze Tea",
      "validity": "wo 17 t/m vr 26 dec",
      "image_url": "https://www.jumbo.com/dam-images/fit-in/360x360/Products/05022025_1738726758803_1738726765563_462869_FLS_05000112654134_H1N1.png",
      "source_url": "https://www.jumbo.com/aanbiedingen/coca-cola-fanta-of-fuze-tea/3012425"
    },
    {
      "id": "435986FLS",
      "name": "Fuze Tea Black Iced Tea Peach Hibiscus 1,25 L",
      "brand": "Fuze Tea",
      "category": "Frisdrank en sappen",
      "unit_size": "1.25 L",
      "offer_price": 2.75,
      "normal_price": 2.75,
      "price_per_unit": 2.2,
      "price_unit": "l",
      "discount_tag": "3+2 gratis",
      "promo_title": "Coca-Cola, Fanta of Fuze Tea",
      "validity": "wo 17 t/m vr 26 dec",
      "image_url": "https://www.jumbo.com/dam-images/fit-in/360x360/Products/22052025_1747875632761_1747875640018_435986_FLS_05000112646429_H1N1.png",
      "source_url": "https://www.jumbo.com/aanbiedingen/coca-cola-fanta-of-fuze-tea/3012425"
    },
    {
      "id": "669745FLS",
      "name": "Fuze Tea Infused Peach-Elderflower with Black Tea No Sugar 1,25 L",
      "brand": "Fuze Tea",
      "category": "Frisdrank en sappen",
      "unit_size": "1.25 L",
      "offer_price": 2.75,
      "normal_price": 2.75,
      "price_per_unit": 2.2,
      "price_unit": "l",
      "discount_tag": "3+2 gratis",
      "promo_title": "Coca-Cola, Fanta of Fuze Tea",
      "validity": "wo 17 t/m vr 26 dec",
      "image_url": "https://www.jumbo.com/dam-images/fit-in/360x360/Products/10012025_1736481593350_1736481600652_669745_FLS_05000112682014_H1N1.png",
      "source_url": "https://www.jumbo.com/aanbiedingen/coca-cola-fanta-of-fuze-tea/3012425"
    },
    {
      "id": "299186ZK",
      "name": "Jumbo Melange Fijnproeverssla 150 g",
      "brand": "Jumbo",
      "category": "Aardappelen, groente en fruit",
      "unit_size": "150 GRAM",
      "offer_price": 2.99,
      "normal_price": 2.99,
      "price_per_unit": 19.93,
      "price_unit": "kg",
      "discount_tag": "voor 1,99",
      "promo_title": "Jumbo sla melanges",
      "validity": "wo 17 t/m vr 26 dec",
      "image_url": "https://www.jumbo.com/dam-images/fit-in/360x360/Products/26062024_1719412466733_1719412478573_8718452778317_1.png",
      "source_url": "https://www.jumbo.com/aanbiedingen/jumbo-sla-melanges/3012376"
    },
    {
      "id": "362324ZK",
      "name": "Jumbo Melange Jonge Bladsla & Rucola 150 g",
      "brand": "Jumbo",
      "category": "Aardappelen, groente en fruit",
      "unit_size": "150 g",
      "offer_price": 2.99,
      "normal_price": 2.99,
      "price_per_unit": 19.93,
      "price_unit": "kg",
      "discount_tag": "voor 1,99",
      "promo_title": "Jumbo sla melanges",
      "validity": "wo 17 t/m vr 26 dec",
      "image_url": "https://www.jumbo.com/dam-images/fit-in/360x360/Products/05062024_1717601667483_1717601676036_8718452793341_1.png",
      "source_url": "https://www.jumbo.com/aanbiedingen/jumbo-sla-melanges/3012376"
    },
    {
      "id": "362325ZK",
      "name": "Jumbo Melange Rucola 150 g",
      "brand": "Jumbo",
      "category": "Aardappelen, groente en fruit",
      "unit_size": "150 GRAM",
      "offer_price": 2.49,
      "normal_price": 2.49,
      "price_per_unit": 16.6,
      "price_unit": "kg",
      "discount_tag": "voor 1,99",
      "promo_title": "Jumbo sla melanges",
      "validity": "wo 17 t/m vr 26 dec",
      "image_url": "https://www.jumbo.com/dam-images/fit-in/360x360/Products/06062024_1717691711642_1717691721484_8718452793402_1.png",
      "source_url": "https://www.jumbo.com/aanbiedingen/jumbo-sla-melanges/3012376"
    },
    {
      "id": "167486ZK",
      "name": "Jumbo Gieser Wildeman Peren 1,5 Kg",
      "brand": "Jumbo",
      "category": "Aardappelen, groente en fruit",
      "unit_size": null,
      "offer_price": 2.99,
      "normal_price": 2.99,
      "price_per_unit": 1.99,
      "price_unit": "kg",
      "discount_tag": "voor 2,24",
      "promo_title": "Gieser Wildeman",
      "validity": "wo 17 t/m vr 26 dec",
      "image_url": "https://www.jumbo.com/dam-images/fit-in/360x360/Products/02112023_1698928627816_1698928639204_8718452140176_1.png",
      "source_url": "https://www.jumbo.com/aanbiedingen/gieser-wildeman/3013863"
    },
    {
      "id": "688387BAK",
      "name": "Jumbo Hollandse Garnalen Naturel 100 g",
      "brand": "Jumbo",
      "category": "Vlees, vis en vega",
      "unit_size": "100 g",
      "offer_price": 7.49,
      "normal_price": 7.49,
      "price_per_unit": 74.9,
      "price_unit": "kg",
      "discount_tag": "voor 5,99",
      "promo_title": "Jumbo Hollandse garnalen",
      "validity": "wo 17 t/m vr 26 dec",
      "image_url": "https://www.jumbo.com/dam-images/fit-in/360x360/Products/27032025_1743082411844_1743082418612_8718452529995_1.png",
      "source_url": "https://www.jumbo.com/aanbiedingen/jumbo-hollandse-garnalen/3012418"
    },
    {
      "id": "557570DS",
      "name": "Lavazza Espresso Intenso koffiecups 30st",
      "brand": "Lavazza",
      "category": "Koffie en thee",
      "unit_size": null,
      "offer_price": 12.79,
      "normal_price": 12.79,
      "price_per_unit": 0.43,
      "price_unit": "pieces",
      "discount_tag": "2+1 gratis",
      "promo_title": "Alle A-merk Nespresso Cups",
      "validity": "wo 17 t/m vr 26 dec",
      "image_url": "https://www.jumbo.com/dam-images/fit-in/360x360/Products/26112025_1764125988243_1764125997199_557570_DS_08000070054295_C1N1.png",
      "source_url": "https://www.jumbo.com/aanbiedingen/alle-a-merk-nespresso-cups/3012492"
    },
    {
      "id": "233324STK",
      "name": "Café Royal Caramel 10 Capsules 50 g",
      "brand": "Cafe Royal",
      "category": "Koffie en thee",
      "unit_size": "50 g",
      "offer_price": 4.19,
      "normal_price": 4.19,
      "price_per_unit": 0.42,
      "price_unit": "pieces",
      "discount_tag": "2+1 gratis",
      "promo_title": "Alle A-merk Nespresso Cups",
      "validity": "wo 17 t/m vr 26 dec",
      "image_url": "https://www.jumbo.com/dam-images/fit-in/360x360/Products/19112025_1763548112806_1763548118332_233324_STK_.png",
      "source_url": "https://www.jumbo.com/aanbiedingen/alle-a-merk-nespresso-cups/3012492"
    },
    {
      "id": "234666STK",
      "name": "Starbucks® by Nespresso® House Blend Lungo 10 Koffiecups",
      "brand": "Starbucks",
      "category": "Koffie en thee",
      "unit_size": "57 g",
      "offer_price": 4.69,
      "normal_price": 4.69,
      "price_per_unit": 0.47,
      "price_unit": "pieces",
      "discount_tag": "2+1 gratis",
      "promo_title": "Alle A-merk Nespresso Cups",
      "validity": "wo 17 t/m vr 26 dec",
      "image_url": "https://www.jumbo.com/dam-images/fit-in/360x360/Products/11122025_1765422236696_1765422238766_234666_STK_07613036957083_H1N1_s01.png",
      "source_url": "https://www.jumbo.com/aanbiedingen/alle-a-merk-nespresso-cups/3012492"
    },
    {
      "id": "232883STK",
      "name": "illy Espresso Forte Koffiecups 10 Stuks",
      "brand": "Illy",
      "category": "Koffie en thee",
      "unit_size": "57 g",
      "offer_price": 5.49,
      "normal_price": 5.49,
      "price_per_unit": 0.55,
      "price_unit": "pieces",
      "discount_tag": "2+1 gratis",
      "promo_title": "Alle A-merk Nespresso Cups",
      "validity": "wo 17 t/m vr 26 dec",
      "image_url": "https://www.jumbo.com/dam-images/fit-in/360x360/Products/19112025_1763546318027_1763546319329_232883_STK_08003753158587_A1N1.png",
      "source_url": "https://www.jumbo.com/aanbiedingen/alle-a-merk-nespresso-cups/3012492"
    },
    {
      "id": "645802DS",
      "name": "Starbucks by Nespresso Breakfast Blend 10 Stuks 56 g",
      "brand": "Starbucks",
      "category": "Koffie en thee",
      "unit_size": "56 g",
      "offer_price": 4.69,
      "normal_price": 4.69,
      "price_per_unit": 0.47,
      "price_unit": "pieces",
      "discount_tag": "2+1 gratis",
      "promo_title": "Alle A-merk Nespresso Cups",
      "validity": "wo 17 t/m vr 26 dec",
      "image_url": "https://www.jumbo.com/dam-images/fit-in/360x360/Products/06052025_1746559968196_1746559971143_7613287186782_1.png",
      "source_url": "https://www.jumbo.com/aanbiedingen/alle-a-merk-nespresso-cups/3012492"
    },
    {
      "id": "615018DS",
      "name": "Qualità Rossa koffiecups 10st",
      "brand": "Lavazza",
      "category": "Koffie en thee",
      "unit_size": null,
      "offer_price": 4.99,
      "normal_price": 4.99,
      "price_per_unit": 0.5,
      "price_unit": "pieces",
      "discount_tag": "2+1 gratis",
      "promo_title": "Alle A-merk Nespresso Cups",
      "validity": "wo 17 t/m vr 26 dec",
      "image_url": "https://www.jumbo.com/dam-images/fit-in/360x360/Products/26112025_1764137957049_1764137969889_615018_DS_08000070053526_C1N1.png",
      "source_url": "https://www.jumbo.com/aanbiedingen/alle-a-merk-nespresso-cups/3012492"
    },
    {
      "id": "371917PAK",
      "name": "Café Royal XL Box Lungo Forte 18 Capsules 99 g",
      "brand": "Cafe Royal",
      "category": "Koffie en thee",
      "unit_size": "99 g",
      "offer_price": 6.99,
      "normal_price": 6.99,
      "price_per_unit": 0.39,
      "price_unit": "pieces",
      "discount_tag": "2+1 gratis",
      "promo_title": "Alle A-merk Nespresso Cups",
      "validity": "wo 17 t/m vr 26 dec",
      "image_url": "https://www.jumbo.com/dam-images/fit-in/360x360/Products/19112025_1763554401298_1763554407537_371917_PAK_.png",
      "source_url": "https://www.jumbo.com/aanbiedingen/alle-a-merk-nespresso-cups/3012492"
    },
    {
      "id": "509676DS",
      "name": "Smit & Dorlas Dark Roast Koffiecups 10 Stuks",
      "brand": "Smit & Dorlas",
      "category": "Koffie en thee",
      "unit_size": "53 g",
      "offer_price": 4.39,
      "normal_price": 4.39,
      "price_per_unit": 0.44,
      "price_unit": "pieces",
      "discount_tag": "2+1 gratis",
      "promo_title": "Alle A-merk Nespresso Cups",
      "validity": "wo 17 t/m vr 26 dec",
      "image_url": "https://www.jumbo.com/dam-images/fit-in/360x360/Products/10082023_1691677396010_1691677415848_8710435138262_1.png",
      "source_url": "https://www.jumbo.com/aanbiedingen/alle-a-merk-nespresso-cups/3012492"
    },
    {
      "id": "715911DS",
      "name": "Moyee Decaf Capsules 10 stuks",
      "brand": "MOYEE",
      "category": "Koffie en thee",
      "unit_size": null,
      "offer_price": 4.19,
      "normal_price": 4.19,
      "price_per_unit": 0.42,
      "price_unit": "pieces",
      "discount_tag": "2+1 gratis",
      "promo_title": "Alle A-merk Nespresso Cups",
      "validity": "wo 17 t/m vr 26 dec",
      "image_url": "",
      "source_url": "https://www.jumbo.com/aanbiedingen/alle-a-merk-nespresso-cups/3012492"
    },
    {
      "id": "606769DS",
      "name": "Starbucks® by Nespresso® Blonde Espresso Roast Decaf 10 Koffiecups",
      "brand": "Starbucks",
      "category": "Koffie en thee",
      "unit_size": "55 g",
      "offer_price": 4.69,
      "normal_price": 4.69,
      "price_per_unit": 0.47,
      "price_unit": "pieces",
      "discount_tag": "2+1 gratis",
      "promo_title": "Alle A-merk Nespresso Cups",
      "validity": "wo 17 t/m vr 26 dec",
      "image_url": "https://www.jumbo.com/dam-images/fit-in/360x360/Products/06052025_1746559967915_1746559970515_8445290815859_1.png",
      "source_url": "https://www.jumbo.com/aanbiedingen/alle-a-merk-nespresso-cups/3012492"
    },
    {
      "id": "278437STK",
      "name": "Starbucks® by Nespresso ® Espresso Dark Roast Decafe 10 Koffiecups",
      "brand": "Starbucks",
      "category": "Koffie en thee",
      "unit_size": "57 g",
      "offer_price": 4.69,
      "normal_price": 4.69,
      "price_per_unit": 0.47,
      "price_unit": "pieces",
      "discount_tag": "2+1 gratis",
      "promo_title": "Alle A-merk Nespresso Cups",
      "validity": "wo 17 t/m vr 26 dec",
      "image_url": "https://www.jumbo.com/dam-images/fit-in/360x360/Products/07122025_1765075533828_1765075535984_278437_STK_07613036961820_H1N1_s01.png",
      "source_url": "https://www.jumbo.com/aanbiedingen/alle-a-merk-nespresso-cups/3012492"
    },
    {
      "id": "509673DS",
      "name": "Smit & Dorlas Classic Roast Koffiecups 10 Stuks",
      "brand": "Smit & Dorlas",
      "category": "Koffie en thee",
      "unit_size": "53 g",
      "offer_price": 4.39,
      "normal_price": 4.39,
      "price_per_unit": 0.44,
      "price_unit": "pieces",
      "discount_tag": "2+1 gratis",
      "promo_title": "Alle A-merk Nespresso Cups",
      "validity": "wo 17 t/m vr 26 dec",
      "image_url": "https://www.jumbo.com/dam-images/fit-in/360x360/Products/10082023_1691677395880_1691677403190_8710435138255_1.png",
      "source_url": "https://www.jumbo.com/aanbiedingen/alle-a-merk-nespresso-cups/3012492"
    },
    {
      "id": "440950DS",
      "name": "Starbucks® by Nespresso ® House Blend Lungo 18 Koffiecups",
      "brand": "Starbucks",
      "category": "Koffie en thee",
      "unit_size": "103 g",
      "offer_price": 7.79,
      "normal_price": 7.79,
      "price_per_unit": 0.43,
      "price_unit": "pieces",
      "discount_tag": "2+1 gratis",
      "promo_title": "Alle A-merk Nespresso Cups",
      "validity": "wo 17 t/m vr 26 dec",
      "image_url": "https://www.jumbo.com/dam-images/fit-in/360x360/Products/06052025_1746559968181_1746559973528_7613287418890_1.png",
      "source_url": "https://www.jumbo.com/aanbiedingen/alle-a-merk-nespresso-cups/3012492"
    },
    {
      "id": "715916DS",
      "name": "Café Royal Flavoured Edition Dessert Dreams Tiramisu 10x50g",
      "brand": "Cafe Royal",
      "category": "Koffie en thee",
      "unit_size": "50 g",
      "offer_price": 4.19,
      "normal_price": 4.19,
      "price_per_unit": 0.42,
      "price_unit": "pieces",
      "discount_tag": "2+1 gratis",
      "promo_title": "Alle A-merk Nespresso Cups",
      "validity": "wo 17 t/m vr 26 dec",
      "image_url": "https://www.jumbo.com/dam-images/fit-in/360x360/Products/27082025_1756319608493_1756319613647_7616500934764_1.png",
      "source_url": "https://www.jumbo.com/aanbiedingen/alle-a-merk-nespresso-cups/3012492"
    },
    {
      "id": "513919DS",
      "name": "Roots Koffiecups Dark Roast 10 Stuks",
      "brand": "Roots",
      "category": "Koffie en thee",
      "unit_size": "52 g",
      "offer_price": 4.39,
      "normal_price": 4.39,
      "price_per_unit": 0.44,
      "price_unit": "pieces",
      "discount_tag": "2+1 gratis",
      "promo_title": "Alle A-merk Nespresso Cups",
      "validity": "wo 17 t/m vr 26 dec",
      "image_url": "https://www.jumbo.com/dam-images/fit-in/360x360/Products/09082023_1691590667460_1691590706249_8711363375996_1.png",
      "source_url": "https://www.jumbo.com/aanbiedingen/alle-a-merk-nespresso-cups/3012492"
    },
    {
      "id": "713196DS",
      "name": "Melitta CaféBar Selection Espresso 9 Intense Capsules 10 Stuks",
      "brand": "Melitta",
      "category": "Koffie en thee",
      "unit_size": "10 x 5.5 g",
      "offer_price": 4.49,
      "normal_price": 4.49,
      "price_per_unit": 0.45,
      "price_unit": "pieces",
      "discount_tag": "2+1 gratis",
      "promo_title": "Alle A-merk Nespresso Cups",
      "validity": "wo 17 t/m vr 26 dec",
      "image_url": "https://www.jumbo.com/dam-images/fit-in/360x360/Products/10102025_1760103189914_1760103194666_4002720514009_1.png",
      "source_url": "https://www.jumbo.com/aanbiedingen/alle-a-merk-nespresso-cups/3012492"
    },
    {
      "id": "706823DS",
      "name": "Smit & Dorlas Classic Roast Cups 20 stuks",
      "brand": "Smit & Dorlas",
      "category": "Koffie en thee",
      "unit_size": null,
      "offer_price": 6.99,
      "normal_price": 6.99,
      "price_per_unit": 0.35,
      "price_unit": "pieces",
      "discount_tag": "2+1 gratis",
      "promo_title": "Alle A-merk Nespresso Cups",
      "validity": "wo 17 t/m vr 26 dec",
      "image_url": "https://www.jumbo.com/dam-images/fit-in/360x360/Products/05082025_1754356192278_1754356197335_706823_DS_08710435138804_C1N1.png",
      "source_url": "https://www.jumbo.com/aanbiedingen/alle-a-merk-nespresso-cups/3012492"
    },
    {
      "id": "558563DS",
      "name": "Lavazza Espresso Lungo koffiecups 30st",
      "brand": "Lavazza",
      "category": "Koffie en thee",
      "unit_size": null,
      "offer_price": 12.79,
      "normal_price": 12.79,
      "price_per_unit": 0.43,
      "price_unit": "pieces",
      "discount_tag": "2+1 gratis",
      "promo_title": "Alle A-merk Nespresso Cups",
      "validity": "wo 17 t/m vr 26 dec",
      "image_url": "https://www.jumbo.com/dam-images/fit-in/360x360/Products/26112025_1764133960510_1764133969843_558563_DS_08000070067776_C1N1.png",
      "source_url": "https://www.jumbo.com/aanbiedingen/alle-a-merk-nespresso-cups/3012492"
    },
    {
      "id": "440948DS",
      "name": "Starbucks® by Nespresso ® Blonde Espresso Roast 18 Koffiecups",
      "brand": "Starbucks",
      "category": "Koffie en thee",
      "unit_size": "94 g",
      "offer_price": 7.79,
      "normal_price": 7.79,
      "price_per_unit": 0.43,
      "price_unit": "pieces",
      "discount_tag": "2+1 gratis",
      "promo_title": "Alle A-merk Nespresso Cups",
      "validity": "wo 17 t/m vr 26 dec",
      "image_url": "https://www.jumbo.com/dam-images/fit-in/360x360/Products/03122025_1764735208033_1764735219559_440948_DS_07613287417817_H1N1_s01.png",
      "source_url": "https://www.jumbo.com/aanbiedingen/alle-a-merk-nespresso-cups/3012492"
    },
    {
      "id": "234667STK",
      "name": "Starbucks® by Nespresso® Pike place Lungo 10 Koffiecups",
      "brand": "Starbucks",
      "category": "Koffie en thee",
      "unit_size": "53 g",
      "offer_price": 4.69,
      "normal_price": 4.69,
      "price_per_unit": 0.47,
      "price_unit": "pieces",
      "discount_tag": "2+1 gratis",
      "promo_title": "Alle A-merk Nespresso Cups",
      "validity": "wo 17 t/m vr 26 dec",
      "image_url": "https://www.jumbo.com/dam-images/fit-in/360x360/Products/07072025_1751850353266_1751850360027_234667_STK_07613036961769_C1N1_s01.png",
      "source_url": "https://www.jumbo.com/aanbiedingen/alle-a-merk-nespresso-cups/3012492"
    },
    {
      "id": "424853PAK",
      "name": "Café Royal Dark Chocolate Flavoured Coffee 10 Capsules 50 g",
      "brand": "Cafe Royal",
      "category": "Koffie en thee",
      "unit_size": "50 g",
      "offer_price": 4.19,
      "normal_price": 4.19,
      "price_per_unit": 0.42,
      "price_unit": "pieces",
      "discount_tag": "2+1 gratis",
      "promo_title": "Alle A-merk Nespresso Cups",
      "validity": "wo 17 t/m vr 26 dec",
      "image_url": "https://www.jumbo.com/dam-images/fit-in/360x360/Products/19112025_1763541854367_1763541859235_424853_PAK_.png",
      "source_url": "https://www.jumbo.com/aanbiedingen/alle-a-merk-nespresso-cups/3012492"
    },
    {
      "id": "713197DS",
      "name": "Melitta CaféBar Selection Ristretto 10 Capsules 10 Stuks",
      "brand": "Melitta",
      "category": "Koffie en thee",
      "unit_size": "10 x 5.5 g",
      "offer_price": 4.49,
      "normal_price": 4.49,
      "price_per_unit": 0.45,
      "price_unit": "pieces",
      "discount_tag": "2+1 gratis",
      "promo_title": "Alle A-merk Nespresso Cups",
      "validity": "wo 17 t/m vr 26 dec",
      "image_url": "https://www.jumbo.com/dam-images/fit-in/360x360/Products/10102025_1760099616700_1760099621607_4002720515006_1.png",
      "source_url": "https://www.jumbo.com/aanbiedingen/alle-a-merk-nespresso-cups/3012492"
    },
    {
      "id": "440947DS",
      "name": "Starbucks® by Nespresso ® Espresso Roast 18 Koffiecups",
      "brand": "Starbucks",
      "category": "Koffie en thee",
      "unit_size": "101 g",
      "offer_price": 7.79,
      "normal_price": 7.79,
      "price_per_unit": 0.43,
      "price_unit": "pieces",
      "discount_tag": "2+1 gratis",
      "promo_title": "Alle A-merk Nespresso Cups",
      "validity": "wo 17 t/m vr 26 dec",
      "image_url": "https://www.jumbo.com/dam-images/fit-in/360x360/Products/27112025_1764220013930_1764220021428_440947_DS_07613287414236_C1N1_s01.png",
      "source_url": "https://www.jumbo.com/aanbiedingen/alle-a-merk-nespresso-cups/3012492"
    },
    {
      "id": "715823PAK",
      "name": "Café Royal Espresso Forte 18 Capsules 93 g",
      "brand": "Cafe Royal",
      "category": "Koffie en thee",
      "unit_size": "93 g",
      "offer_price": 6.99,
      "normal_price": 6.99,
      "price_per_unit": 0.39,
      "price_unit": "pieces",
      "discount_tag": "2+1 gratis",
      "promo_title": "Alle A-merk Nespresso Cups",
      "validity": "wo 17 t/m vr 26 dec",
      "image_url": "https://www.jumbo.com/dam-images/fit-in/360x360/Products/19112025_1763545392568_1763545398711_715823_PAK_.png",
      "source_url": "https://www.jumbo.com/aanbiedingen/alle-a-merk-nespresso-cups/3012492"
    },
    {
      "id": "701322ZK",
      "name": "Perfect Ted Vanilla Matcha 10 x 5 g",
      "brand": "PerfectTed",
      "category": "Koffie en thee",
      "unit_size": "10 x 5 g",
      "offer_price": 6.49,
      "normal_price": 6.49,
      "price_per_unit": 129.8,
      "price_unit": "kg",
      "discount_tag": "2+1 gratis",
      "promo_title": "Alle A-merk Nespresso Cups",
      "validity": "wo 17 t/m vr 26 dec",
      "image_url": "https://www.jumbo.com/dam-images/fit-in/360x360/Products/27052025_1748341366824_1748341367344_701322_ZK_05060941970492_A1N1.png",
      "source_url": "https://www.jumbo.com/aanbiedingen/alle-a-merk-nespresso-cups/3012492"
    },
    {
      "id": "232885STK",
      "name": "illy Espresso Classico Koffiecups 10 Stuks",
      "brand": "Illy",
      "category": "Koffie en thee",
      "unit_size": "57 g",
      "offer_price": 5.49,
      "normal_price": 5.49,
      "price_per_unit": 0.55,
      "price_unit": "pieces",
      "discount_tag": "2+1 gratis",
      "promo_title": "Alle A-merk Nespresso Cups",
      "validity": "wo 17 t/m vr 26 dec",
      "image_url": "https://www.jumbo.com/dam-images/fit-in/360x360/Products/19112025_1763546410495_1763546412262_232885_STK_08003753158556_A1N1.png",
      "source_url": "https://www.jumbo.com/aanbiedingen/alle-a-merk-nespresso-cups/3012492"
    },
    {
      "id": "645862DS",
      "name": "Starbucks by Nespresso Single-Origin Coffee Guatemala 10 Stuks 52 g",
      "brand": "Starbucks",
      "category": "Koffie en thee",
      "unit_size": "52 g",
      "offer_price": 4.69,
      "normal_price": 4.69,
      "price_per_unit": 0.47,
      "price_unit": "pieces",
      "discount_tag": "2+1 gratis",
      "promo_title": "Alle A-merk Nespresso Cups",
      "validity": "wo 17 t/m vr 26 dec",
      "image_url": "https://www.jumbo.com/dam-images/fit-in/360x360/Products/06052025_1746559968148_1746559971087_7613287855503_1.png",
      "source_url": "https://www.jumbo.com/aanbiedingen/alle-a-merk-nespresso-cups/3012492"
    },
    {
      "id": "704664DS",
      "name": "Starbucks® by Nespresso® Smooth Caramel 10 Koffiecups",
      "brand": "Starbucks",
      "category": "Koffie en thee",
      "unit_size": "51 g",
      "offer_price": 4.69,
      "normal_price": 4.69,
      "price_per_unit": 0.47,
      "price_unit": "pieces",
      "discount_tag": "2+1 gratis",
      "promo_title": "Alle A-merk Nespresso Cups",
      "validity": "wo 17 t/m vr 26 dec",
      "image_url": "https://www.jumbo.com/dam-images/fit-in/360x360/Products/04122025_1764816592915_1764816597182_704664_DS_08445290154187_H1N1_s01.png",
      "source_url": "https://www.jumbo.com/aanbiedingen/alle-a-merk-nespresso-cups/3012492"
    },
    {
      "id": "234668STK",
      "name": "Starbucks® by Nespresso ® Espresso Dark Roast 10 Koffiecups",
      "brand": "Starbucks",
      "category": "Koffie en thee",
      "unit_size": "57 g",
      "offer_price": 4.69,
      "normal_price": 4.69,
      "price_per_unit": 0.47,
      "price_unit": "pieces",
      "discount_tag": "2+1 gratis",
      "promo_title": "Alle A-merk Nespresso Cups",
      "validity": "wo 17 t/m vr 26 dec",
      "image_url": "https://www.jumbo.com/dam-images/fit-in/360x360/Products/03092025_1756863304389_1756863345367_234668_STK_07613036961622_C1N1_s01.png",
      "source_url": "https://www.jumbo.com/aanbiedingen/alle-a-merk-nespresso-cups/3012492"
    },
    {
      "id": "705766DS",
      "name": "Lavazza Qualità Oro Maxi Pack 30 stuks",
      "brand": "Lavazza",
      "category": "Koffie en thee",
      "unit_size": null,
      "offer_price": 12.79,
      "normal_price": 12.79,
      "price_per_unit": 0.43,
      "price_unit": "pieces",
      "discount_tag": "2+1 gratis",
      "promo_title": "Alle A-merk Nespresso Cups",
      "validity": "wo 17 t/m vr 26 dec",
      "image_url": "https://www.jumbo.com/dam-images/fit-in/360x360/Products/19062025_1750325113049_1750325116445_705766_DS_08000070074736_C1N1.png",
      "source_url": "https://www.jumbo.com/aanbiedingen/alle-a-merk-nespresso-cups/3012492"
    },
    {
      "id": "541521DS",
      "name": "illy Lungo Intenso Koffiecups 10 Stuks",
      "brand": "Illy",
      "category": "Koffie en thee",
      "unit_size": "57 g",
      "offer_price": 5.49,
      "normal_price": 5.49,
      "price_per_unit": 0.55,
      "price_unit": "pieces",
      "discount_tag": "2+1 gratis",
      "promo_title": "Alle A-merk Nespresso Cups",
      "validity": "wo 17 t/m vr 26 dec",
      "image_url": "https://www.jumbo.com/dam-images/fit-in/360x360/Products/15042025_1744685508015_1744685510091_541521_DS_08003753199009_A1N1.png",
      "source_url": "https://www.jumbo.com/aanbiedingen/alle-a-merk-nespresso-cups/3012492"
    },
    {
      "id": "715972DS",
      "name": "Moyee Espresso Caps 10 stuks",
      "brand": "MOYEE",
      "category": "Koffie en thee",
      "unit_size": null,
      "offer_price": 4.19,
      "normal_price": 4.19,
      "price_per_unit": 0.42,
      "price_unit": "pieces",
      "discount_tag": "2+1 gratis",
      "promo_title": "Alle A-merk Nespresso Cups",
      "validity": "wo 17 t/m vr 26 dec",
      "image_url": "",
      "source_url": "https://www.jumbo.com/aanbiedingen/alle-a-merk-nespresso-cups/3012492"
    },
    {
      "id": "715917DS",
      "name": "Moyee Lungo Nespresso caps 10 stuks",
      "brand": "MOYEE",
      "category": "Koffie en thee",
      "unit_size": null,
      "offer_price": 4.19,
      "normal_price": 4.19,
      "price_per_unit": 0.42,
      "price_unit": "pieces",
      "discount_tag": "2+1 gratis",
      "promo_title": "Alle A-merk Nespresso Cups",
      "validity": "wo 17 t/m vr 26 dec",
      "image_url": "",
      "source_url": "https://www.jumbo.com/aanbiedingen/alle-a-merk-nespresso-cups/3012492"
    },
    {
      "id": "705768DS",
      "name": "Lavazza Qualità Rossa Maxi Pack 30 stuks",
      "brand": "Lavazza",
      "category": "Koffie en thee",
      "unit_size": null,
      "offer_price": 12.79,
      "normal_price": 12.79,
      "price_per_unit": 0.43,
      "price_unit": "pieces",
      "discount_tag": "2+1 gratis",
      "promo_title": "Alle A-merk Nespresso Cups",
      "validity": "wo 17 t/m vr 26 dec",
      "image_url": "https://www.jumbo.com/dam-images/fit-in/360x360/Products/19062025_1750325156719_1750325164459_705768_DS_08000070053847_C1N1.png",
      "source_url": "https://www.jumbo.com/aanbiedingen/alle-a-merk-nespresso-cups/3012492"
    },
    {
      "id": "513916DS",
      "name": "Roots Koffiecups Medium Roast 10 Stuks",
      "brand": "Roots",
      "category": "Koffie en thee",
      "unit_size": "52 g",
      "offer_price": 4.39,
      "normal_price": 4.39,
      "price_per_unit": 0.44,
      "price_unit": "pieces",
      "discount_tag": "2+1 gratis",
      "promo_title": "Alle A-merk Nespresso Cups",
      "validity": "wo 17 t/m vr 26 dec",
      "image_url": "https://www.jumbo.com/dam-images/fit-in/360x360/Products/09082023_1691590437370_1691590460835_8711363375859_1.png",
      "source_url": "https://www.jumbo.com/aanbiedingen/alle-a-merk-nespresso-cups/3012492"
    },
    {
      "id": "705754DS",
      "name": "Lavazza Nespresso Tales of Roma 57g",
      "brand": "Lavazza",
      "category": "Koffie en thee",
      "unit_size": null,
      "offer_price": 4.99,
      "normal_price": 4.99,
      "price_per_unit": 87.54,
      "price_unit": "kg",
      "discount_tag": "2+1 gratis",
      "promo_title": "Alle A-merk Nespresso Cups",
      "validity": "wo 17 t/m vr 26 dec",
      "image_url": "https://www.jumbo.com/dam-images/fit-in/360x360/Products/19062025_1750324959914_1750324963775_705754_DS_08000070075290_C1N1.png",
      "source_url": "https://www.jumbo.com/aanbiedingen/alle-a-merk-nespresso-cups/3012492"
    },
    {
      "id": "560137PAK",
      "name": "Café Royal Cinnamon Flavoured Coffee 10 Capsules 50 g",
      "brand": "Cafe Royal",
      "category": "Koffie en thee",
      "unit_size": "50 g",
      "offer_price": 4.19,
      "normal_price": 4.19,
      "price_per_unit": 0.42,
      "price_unit": "pieces",
      "discount_tag": "2+1 gratis",
      "promo_title": "Alle A-merk Nespresso Cups",
      "validity": "wo 17 t/m vr 26 dec",
      "image_url": "https://www.jumbo.com/dam-images/fit-in/360x360/Products/19112025_1763528258327_1763528263749_560137_PAK_.png",
      "source_url": "https://www.jumbo.com/aanbiedingen/alle-a-merk-nespresso-cups/3012492"
    },
    {
      "id": "713191DS",
      "name": "Melitta CaféBar Selection Lungo 8 Intense Capsules 10 Stuks",
      "brand": "Melitta",
      "category": "Koffie en thee",
      "unit_size": "10 x 5.5 g",
      "offer_price": 4.49,
      "normal_price": 4.49,
      "price_per_unit": 0.45,
      "price_unit": "pieces",
      "discount_tag": "2+1 gratis",
      "promo_title": "Alle A-merk Nespresso Cups",
      "validity": "wo 17 t/m vr 26 dec",
      "image_url": "https://www.jumbo.com/dam-images/fit-in/360x360/Products/10102025_1760103189840_1760103194567_4002720513002_1.png",
      "source_url": "https://www.jumbo.com/aanbiedingen/alle-a-merk-nespresso-cups/3012492"
    },
    {
      "id": "474373DS",
      "name": "Lavazza Espresso Decafe koffiecups 10 stuks",
      "brand": "Lavazza",
      "category": "Koffie en thee",
      "unit_size": null,
      "offer_price": 4.99,
      "normal_price": 4.99,
      "price_per_unit": 0.5,
      "price_unit": "pieces",
      "discount_tag": "2+1 gratis",
      "promo_title": "Alle A-merk Nespresso Cups",
      "validity": "wo 17 t/m vr 26 dec",
      "image_url": "https://www.jumbo.com/dam-images/fit-in/360x360/Products/08072025_1751940192228_1751940194984_474373_DS_08000070053502_C1N1.png",
      "source_url": "https://www.jumbo.com/aanbiedingen/alle-a-merk-nespresso-cups/3012492"
    },
    {
      "id": "233326STK",
      "name": "Café Royal Vanilla 10 Capsules 50 g",
      "brand": "Cafe Royal",
      "category": "Koffie en thee",
      "unit_size": "50 g",
      "offer_price": 4.19,
      "normal_price": 4.19,
      "price_per_unit": 0.42,
      "price_unit": "pieces",
      "discount_tag": "2+1 gratis",
      "promo_title": "Alle A-merk Nespresso Cups",
      "validity": "wo 17 t/m vr 26 dec",
      "image_url": "https://www.jumbo.com/dam-images/fit-in/360x360/Products/19112025_1763548160984_1763548166108_233326_STK_.png",
      "source_url": "https://www.jumbo.com/aanbiedingen/alle-a-merk-nespresso-cups/3012492"
    },
    {
      "id": "513917DS",
      "name": "Roots Koffiecups Extra Dark Roast 10 Stuks",
      "brand": "Roots",
      "category": "Koffie en thee",
      "unit_size": "52 g",
      "offer_price": 4.39,
      "normal_price": 4.39,
      "price_per_unit": 0.44,
      "price_unit": "pieces",
      "discount_tag": "2+1 gratis",
      "promo_title": "Alle A-merk Nespresso Cups",
      "validity": "wo 17 t/m vr 26 dec",
      "image_url": "https://www.jumbo.com/dam-images/fit-in/360x360/Products/09082023_1691590437452_1691590461418_8711363376139_1.png",
      "source_url": "https://www.jumbo.com/aanbiedingen/alle-a-merk-nespresso-cups/3012492"
    },
    {
      "id": "614868DS",
      "name": "Crema e Gusto Classico koffiecups 10stuks",
      "brand": "Lavazza",
      "category": "Koffie en thee",
      "unit_size": null,
      "offer_price": 4.99,
      "normal_price": 4.99,
      "price_per_unit": 0.5,
      "price_unit": "pieces",
      "discount_tag": "2+1 gratis",
      "promo_title": "Alle A-merk Nespresso Cups",
      "validity": "wo 17 t/m vr 26 dec",
      "image_url": "https://www.jumbo.com/dam-images/fit-in/360x360/Products/26112025_1764131248334_1764131259071_614868_DS_08000070053472_C1N1.png",
      "source_url": "https://www.jumbo.com/aanbiedingen/alle-a-merk-nespresso-cups/3012492"
    },
    {
      "id": "557569DS",
      "name": "Lavazza Espresso Classico koffiecups 30st",
      "brand": "Lavazza",
      "category": "Koffie en thee",
      "unit_size": null,
      "offer_price": 12.79,
      "normal_price": 12.79,
      "price_per_unit": 0.43,
      "price_unit": "pieces",
      "discount_tag": "2+1 gratis",
      "promo_title": "Alle A-merk Nespresso Cups",
      "validity": "wo 17 t/m vr 26 dec",
      "image_url": "https://www.jumbo.com/dam-images/fit-in/360x360/Products/26112025_1764126089366_1764126098173_557569_DS_08000070053861_C1N1.png",
      "source_url": "https://www.jumbo.com/aanbiedingen/alle-a-merk-nespresso-cups/3012492"
    },
    {
      "id": "705755DS",
      "name": "Lavazza Tales of Napoli 10 stuks",
      "brand": "Lavazza",
      "category": "Koffie en thee",
      "unit_size": null,
      "offer_price": 4.99,
      "normal_price": 4.99,
      "price_per_unit": 0.5,
      "price_unit": "pieces",
      "discount_tag": "2+1 gratis",
      "promo_title": "Alle A-merk Nespresso Cups",
      "validity": "wo 17 t/m vr 26 dec",
      "image_url": "https://www.jumbo.com/dam-images/fit-in/360x360/Products/19062025_1750324969257_1750324980965_705755_DS_08000070075214_C1N1.png",
      "source_url": "https://www.jumbo.com/aanbiedingen/alle-a-merk-nespresso-cups/3012492"
    },
    {
      "id": "701321ZK",
      "name": "Perfect Ted Ceremonial Grade Matcha 10 x 1,5 g",
      "brand": "PerfectTed",
      "category": "Koffie en thee",
      "unit_size": "10 x 1.5 g",
      "offer_price": 6.49,
      "normal_price": 6.49,
      "price_per_unit": 0.65,
      "price_unit": "pieces",
      "discount_tag": "2+1 gratis",
      "promo_title": "Alle A-merk Nespresso Cups",
      "validity": "wo 17 t/m vr 26 dec",
      "image_url": "https://www.jumbo.com/dam-images/fit-in/360x360/Products/27102025_1761561207271_1761561212454_5060941970485_1.png",
      "source_url": "https://www.jumbo.com/aanbiedingen/alle-a-merk-nespresso-cups/3012492"
    },
    {
      "id": "372104DS",
      "name": "illy Espresso Decaffeinato Koffiecups 10 Stuks",
      "brand": "Illy",
      "category": "Koffie en thee",
      "unit_size": "57 g",
      "offer_price": 5.49,
      "normal_price": 5.49,
      "price_per_unit": 0.55,
      "price_unit": "pieces",
      "discount_tag": "2+1 gratis",
      "promo_title": "Alle A-merk Nespresso Cups",
      "validity": "wo 17 t/m vr 26 dec",
      "image_url": "https://www.jumbo.com/dam-images/fit-in/360x360/Products/19112025_1763536807309_1763536808903_372104_DS_08003753168142_A1N1.png",
      "source_url": "https://www.jumbo.com/aanbiedingen/alle-a-merk-nespresso-cups/3012492"
    },
    {
      "id": "704665DS",
      "name": "Starbucks® by Nespresso® Creamy Vanilla 10 Koffiecups",
      "brand": "Starbucks",
      "category": "Koffie en thee",
      "unit_size": "51 g",
      "offer_price": 4.69,
      "normal_price": 4.69,
      "price_per_unit": 0.47,
      "price_unit": "pieces",
      "discount_tag": "2+1 gratis",
      "promo_title": "Alle A-merk Nespresso Cups",
      "validity": "wo 17 t/m vr 26 dec",
      "image_url": "https://www.jumbo.com/dam-images/fit-in/360x360/Products/13062025_1749839587481_1749839590102_8445290156044_1.png",
      "source_url": "https://www.jumbo.com/aanbiedingen/alle-a-merk-nespresso-cups/3012492"
    },
    {
      "id": "232882STK",
      "name": "Illy Lungo Classico Koffiecups 10 stuks",
      "brand": "Illy",
      "category": "Koffie en thee",
      "unit_size": "57 g",
      "offer_price": 5.49,
      "normal_price": 5.49,
      "price_per_unit": 0.55,
      "price_unit": "pieces",
      "discount_tag": "2+1 gratis",
      "promo_title": "Alle A-merk Nespresso Cups",
      "validity": "wo 17 t/m vr 26 dec",
      "image_url": "https://www.jumbo.com/dam-images/fit-in/360x360/Products/19112025_1763546279175_1763546280604_232882_STK_08003753158617_A1N1.png",
      "source_url": "https://www.jumbo.com/aanbiedingen/alle-a-merk-nespresso-cups/3012492"
    },
    {
      "id": "706833DS",
      "name": "Bialetti Nespresso Raffinato Cups 50g",
      "brand": "Bialetti",
      "category": "Koffie en thee",
      "unit_size": null,
      "offer_price": 4.59,
      "normal_price": 4.59,
      "price_per_unit": 0.46,
      "price_unit": "pieces",
      "discount_tag": "2+1 gratis",
      "promo_title": "Alle A-merk Nespresso Cups",
      "validity": "wo 17 t/m vr 26 dec",
      "image_url": "https://www.jumbo.com/dam-images/fit-in/360x360/Products/26062025_1750941514472_1750941517987_706833_DS_08006363074070_C1N1.png",
      "source_url": "https://www.jumbo.com/aanbiedingen/alle-a-merk-nespresso-cups/3012492"
    },
    {
      "id": "706824DS",
      "name": "Smit & Dorlas Dark Roast Cups 20 stuks",
      "brand": "Smit & Dorlas",
      "category": "Koffie en thee",
      "unit_size": null,
      "offer_price": 6.99,
      "normal_price": 6.99,
      "price_per_unit": 0.35,
      "price_unit": "pieces",
      "discount_tag": "2+1 gratis",
      "promo_title": "Alle A-merk Nespresso Cups",
      "validity": "wo 17 t/m vr 26 dec",
      "image_url": "https://www.jumbo.com/dam-images/fit-in/360x360/Products/05082025_1754356199553_1754356204411_706824_DS_08710435138811_C1N1.png",
      "source_url": "https://www.jumbo.com/aanbiedingen/alle-a-merk-nespresso-cups/3012492"
    },
    {
      "id": "706830DS",
      "name": "Bialetti Nespresso Deciso Cups 50g",
      "brand": "Bialetti",
      "category": "Koffie en thee",
      "unit_size": null,
      "offer_price": 4.59,
      "normal_price": 4.59,
      "price_per_unit": 0.46,
      "price_unit": "pieces",
      "discount_tag": "2+1 gratis",
      "promo_title": "Alle A-merk Nespresso Cups",
      "validity": "wo 17 t/m vr 26 dec",
      "image_url": "https://www.jumbo.com/dam-images/fit-in/360x360/Products/26062025_1750941250444_1750941254061_706830_DS_08006363074087_C1N1.png",
      "source_url": "https://www.jumbo.com/aanbiedingen/alle-a-merk-nespresso-cups/3012492"
    },
    {
      "id": "705750DS",
      "name": "Lavazza Espresso Maestro Ristretto 30 stuks",
      "brand": "Lavazza",
      "category": "Koffie en thee",
      "unit_size": null,
      "offer_price": 12.79,
      "normal_price": 12.79,
      "price_per_unit": 0.43,
      "price_unit": "pieces",
      "discount_tag": "2+1 gratis",
      "promo_title": "Alle A-merk Nespresso Cups",
      "validity": "wo 17 t/m vr 26 dec",
      "image_url": "https://www.jumbo.com/dam-images/fit-in/360x360/Products/19062025_1750324851585_1750324855992_705750_DS_08000070063143_C1N1.png",
      "source_url": "https://www.jumbo.com/aanbiedingen/alle-a-merk-nespresso-cups/3012492"
    },
    {
      "id": "509677DS",
      "name": "Smit & Dorlas Extra Dark Roast Koffiecups 10 Stuks",
      "brand": "Smit & Dorlas",
      "category": "Koffie en thee",
      "unit_size": "53 g",
      "offer_price": 4.39,
      "normal_price": 4.39,
      "price_per_unit": 0.44,
      "price_unit": "pieces",
      "discount_tag": "2+1 gratis",
      "promo_title": "Alle A-merk Nespresso Cups",
      "validity": "wo 17 t/m vr 26 dec",
      "image_url": "https://www.jumbo.com/dam-images/fit-in/360x360/Products/10082023_1691677396226_1691677415739_8710435138279_1.png",
      "source_url": "https://www.jumbo.com/aanbiedingen/alle-a-merk-nespresso-cups/3012492"
    },
    {
      "id": "684358DS",
      "name": "Starbucks® by Nespresso® Ristretto Shot 10 Koffiecups",
      "brand": "Starbucks",
      "category": "Koffie en thee",
      "unit_size": "57 g",
      "offer_price": 4.69,
      "normal_price": 4.69,
      "price_per_unit": 0.47,
      "price_unit": "pieces",
      "discount_tag": "2+1 gratis",
      "promo_title": "Alle A-merk Nespresso Cups",
      "validity": "wo 17 t/m vr 26 dec",
      "image_url": "https://www.jumbo.com/dam-images/fit-in/360x360/Products/07122025_1765073273018_1765073288014_684358_DS_08445291452626_H1N1_s01.png",
      "source_url": "https://www.jumbo.com/aanbiedingen/alle-a-merk-nespresso-cups/3012492"
    },
    {
      "id": "706649DS",
      "name": "Smit & Dorlas Decaffeinato 10 stuks",
      "brand": "Smit & Dorlas",
      "category": "Koffie en thee",
      "unit_size": null,
      "offer_price": 4.39,
      "normal_price": 4.39,
      "price_per_unit": 0.44,
      "price_unit": "pieces",
      "discount_tag": "2+1 gratis",
      "promo_title": "Alle A-merk Nespresso Cups",
      "validity": "wo 17 t/m vr 26 dec",
      "image_url": "https://www.jumbo.com/dam-images/fit-in/360x360/Products/05082025_1754355677144_1754355681974_706649_DS_08710435138798_C1N1.png",
      "source_url": "https://www.jumbo.com/aanbiedingen/alle-a-merk-nespresso-cups/3012492"
    },
    {
      "id": "234663STK",
      "name": "Starbucks® by Nespresso ® Colombia Medium Roast 10 Koffiecups",
      "brand": "Starbucks",
      "category": "Koffie en thee",
      "unit_size": "57 g",
      "offer_price": 4.69,
      "normal_price": 4.69,
      "price_per_unit": 0.47,
      "price_unit": "pieces",
      "discount_tag": "2+1 gratis",
      "promo_title": "Alle A-merk Nespresso Cups",
      "validity": "wo 17 t/m vr 26 dec",
      "image_url": "https://www.jumbo.com/dam-images/fit-in/360x360/Products/07122025_1765075980821_1765075985133_234663_STK_07613036961684_H1N1_s01.png",
      "source_url": "https://www.jumbo.com/aanbiedingen/alle-a-merk-nespresso-cups/3012492"
    },
    {
      "id": "591965DS",
      "name": "Café Royal Lungo Classico Big Pack 18 Capsules 93 g",
      "brand": "Cafe Royal",
      "category": "Koffie en thee",
      "unit_size": "93 g",
      "offer_price": 6.99,
      "normal_price": 6.99,
      "price_per_unit": 0.39,
      "price_unit": "pieces",
      "discount_tag": "2+1 gratis",
      "promo_title": "Alle A-merk Nespresso Cups",
      "validity": "wo 17 t/m vr 26 dec",
      "image_url": "https://www.jumbo.com/dam-images/fit-in/360x360/Products/19112025_1763547433648_1763547442878_591965_DS_07616500938663_C1N1_s01.png",
      "source_url": "https://www.jumbo.com/aanbiedingen/alle-a-merk-nespresso-cups/3012492"
    },
    {
      "id": "560136PAK",
      "name": "Café Royal Amaretti Flavoured Coffee 10 Capsules 50 g",
      "brand": "Cafe Royal",
      "category": "Koffie en thee",
      "unit_size": "50 g",
      "offer_price": 4.19,
      "normal_price": 4.19,
      "price_per_unit": 0.42,
      "price_unit": "pieces",
      "discount_tag": "2+1 gratis",
      "promo_title": "Alle A-merk Nespresso Cups",
      "validity": "wo 17 t/m vr 26 dec",
      "image_url": "https://www.jumbo.com/dam-images/fit-in/360x360/Products/19112025_1763528214835_1763528220175_560136_PAK_.png",
      "source_url": "https://www.jumbo.com/aanbiedingen/alle-a-merk-nespresso-cups/3012492"
    },
    {
      "id": "583150DS",
      "name": "Starbucks by Nespresso Toffee Nut Flavoured Coffee Limited Edition 10 Capsules 51 g",
      "brand": "Starbucks",
      "category": "Koffie en thee",
      "unit_size": "51 g",
      "offer_price": 4.94,
      "normal_price": 4.94,
      "price_per_unit": 0.49,
      "price_unit": "pieces",
      "discount_tag": "2+1 gratis",
      "promo_title": "Alle A-merk Nespresso Cups",
      "validity": "wo 17 t/m vr 26 dec",
      "image_url": "https://www.jumbo.com/dam-images/fit-in/360x360/Products/16092025_1758026015165_1758026018138_8445290452900_1.png",
      "source_url": "https://www.jumbo.com/aanbiedingen/alle-a-merk-nespresso-cups/3012492"
    },
    {
      "id": "234664STK",
      "name": "Starbucks® by Nespresso® Caffè Verona 10 Koffiecups",
      "brand": "Starbucks",
      "category": "Koffie en thee",
      "unit_size": "55 g",
      "offer_price": 4.69,
      "normal_price": 4.69,
      "price_per_unit": 0.47,
      "price_unit": "pieces",
      "discount_tag": "2+1 gratis",
      "promo_title": "Alle A-merk Nespresso Cups",
      "validity": "wo 17 t/m vr 26 dec",
      "image_url": "https://www.jumbo.com/dam-images/fit-in/360x360/Products/07122025_1765075969318_1765075973960_234664_STK_07613036958967_H1N1_s01.png",
      "source_url": "https://www.jumbo.com/aanbiedingen/alle-a-merk-nespresso-cups/3012492"
    },
    {
      "id": "359521STK",
      "name": "Café Royal Hazelnut Flavoured Coffee 10 Capsules 50 g",
      "brand": "Cafe Royal",
      "category": "Koffie en thee",
      "unit_size": "50 g",
      "offer_price": 4.19,
      "normal_price": 4.19,
      "price_per_unit": 0.42,
      "price_unit": "pieces",
      "discount_tag": "2+1 gratis",
      "promo_title": "Alle A-merk Nespresso Cups",
      "validity": "wo 17 t/m vr 26 dec",
      "image_url": "https://www.jumbo.com/dam-images/fit-in/360x360/Products/19112025_1763522559534_1763522565685_359521_STK_.png",
      "source_url": "https://www.jumbo.com/aanbiedingen/alle-a-merk-nespresso-cups/3012492"
    },
    {
      "id": "234665STK",
      "name": "Starbucks® by Nespresso® Blonde Espresso Roast 10 Koffiecups",
      "brand": "Starbucks",
      "category": "Koffie en thee",
      "unit_size": "53 g",
      "offer_price": 4.69,
      "normal_price": 4.69,
      "price_per_unit": 0.47,
      "price_unit": "pieces",
      "discount_tag": "2+1 gratis",
      "promo_title": "Alle A-merk Nespresso Cups",
      "validity": "wo 17 t/m vr 26 dec",
      "image_url": "https://www.jumbo.com/dam-images/fit-in/360x360/Products/11122025_1765422248325_1765422252244_234665_STK_07613036961561_H1N1_s01.png",
      "source_url": "https://www.jumbo.com/aanbiedingen/alle-a-merk-nespresso-cups/3012492"
    },
    {
      "id": "706831DS",
      "name": "Bialetti Nespresso Cremoso Cups 50g",
      "brand": "Bialetti",
      "category": "Koffie en thee",
      "unit_size": null,
      "offer_price": 4.59,
      "normal_price": 4.59,
      "price_per_unit": 0.46,
      "price_unit": "pieces",
      "discount_tag": "2+1 gratis",
      "promo_title": "Alle A-merk Nespresso Cups",
      "validity": "wo 17 t/m vr 26 dec",
      "image_url": "https://www.jumbo.com/dam-images/fit-in/360x360/Products/26062025_1750941503082_1750941506491_706831_DS_08006363074094_C1N1.png",
      "source_url": "https://www.jumbo.com/aanbiedingen/alle-a-merk-nespresso-cups/3012492"
    },
    {
      "id": "475502TRA",
      "name": "Jumbo Salame al Finocchio 100 g",
      "brand": "Jumbo",
      "category": "Vleeswaren, kaas en tapas",
      "unit_size": "100 g",
      "offer_price": 3.59,
      "normal_price": 3.59,
      "price_per_unit": 35.9,
      "price_unit": "kg",
      "discount_tag": "2e halve prijs",
      "promo_title": "Jumbo Spaanse of Italiaanse borrelschalen",
      "validity": "wo 17 t/m vr 26 dec",
      "image_url": "https://www.jumbo.com/dam-images/fit-in/360x360/Products/10082023_1691676434842_1691676452891_8718452623471_1.png",
      "source_url": "https://www.jumbo.com/aanbiedingen/jumbo-spaanse-of-italiaanse-borrelschalen/3012548"
    },
    {
      "id": "292462TRA",
      "name": "La Salumeria Italiana Mortadella Bologna 100 g",
      "brand": "La Salumeria Italiana",
      "category": "Vleeswaren, kaas en tapas",
      "unit_size": "100 g",
      "offer_price": 2.59,
      "normal_price": 2.59,
      "price_per_unit": 25.9,
      "price_unit": "kg",
      "discount_tag": "2e halve prijs",
      "promo_title": "Jumbo Spaanse of Italiaanse borrelschalen",
      "validity": "wo 17 t/m vr 26 dec",
      "image_url": "https://www.jumbo.com/dam-images/fit-in/360x360/Products/09082023_1691586737203_1691586777102_8023918100053_1.png",
      "source_url": "https://www.jumbo.com/aanbiedingen/jumbo-spaanse-of-italiaanse-borrelschalen/3012548"
    },
    {
      "id": "475508TRA",
      "name": "Jumbo Antipasto Emiliano 120 g",
      "brand": "Jumbo",
      "category": "Vleeswaren, kaas en tapas",
      "unit_size": "120 g",
      "offer_price": 4.49,
      "normal_price": 4.49,
      "price_per_unit": 37.42,
      "price_unit": "kg",
      "discount_tag": "2e halve prijs",
      "promo_title": "Jumbo Spaanse of Italiaanse borrelschalen",
      "validity": "wo 17 t/m vr 26 dec",
      "image_url": "https://www.jumbo.com/dam-images/fit-in/360x360/Products/10082023_1691676435084_1691676455375_8718452623457_1.png",
      "source_url": "https://www.jumbo.com/aanbiedingen/jumbo-spaanse-of-italiaanse-borrelschalen/3012548"
    },
    {
      "id": "507966TRA",
      "name": "Jumbo Prosciutto Al Tartufo 80 g",
      "brand": "Jumbo",
      "category": "Vleeswaren, kaas en tapas",
      "unit_size": "80 g",
      "offer_price": 4.49,
      "normal_price": 4.49,
      "price_per_unit": 56.13,
      "price_unit": "kg",
      "discount_tag": "2e halve prijs",
      "promo_title": "Jumbo Spaanse of Italiaanse borrelschalen",
      "validity": "wo 17 t/m vr 26 dec",
      "image_url": "https://www.jumbo.com/dam-images/fit-in/360x360/Products/09082023_1691590486192_1691590628061_8718452658343_1.png",
      "source_url": "https://www.jumbo.com/aanbiedingen/jumbo-spaanse-of-italiaanse-borrelschalen/3012548"
    },
    {
      "id": "475503TRA",
      "name": "Jumbo Prosciutto di Parma 100 g",
      "brand": "Jumbo",
      "category": "Vleeswaren, kaas en tapas",
      "unit_size": "100 g",
      "offer_price": 4.49,
      "normal_price": 4.49,
      "price_per_unit": 44.9,
      "price_unit": "kg",
      "discount_tag": "2e halve prijs",
      "promo_title": "Jumbo Spaanse of Italiaanse borrelschalen",
      "validity": "wo 17 t/m vr 26 dec",
      "image_url": "https://www.jumbo.com/dam-images/fit-in/360x360/Products/10082023_1691676434894_1691676455847_8718452623464_1.png",
      "source_url": "https://www.jumbo.com/aanbiedingen/jumbo-spaanse-of-italiaanse-borrelschalen/3012548"
    },
    {
      "id": "475504TRA",
      "name": "Jumbo Prosciutto Crudo 100 g",
      "brand": "Jumbo",
      "category": "Vleeswaren, kaas en tapas",
      "unit_size": "100 g",
      "offer_price": 3.29,
      "normal_price": 3.29,
      "price_per_unit": 32.9,
      "price_unit": "kg",
      "discount_tag": "2e halve prijs",
      "promo_title": "Jumbo Spaanse of Italiaanse borrelschalen",
      "validity": "wo 17 t/m vr 26 dec",
      "image_url": "https://www.jumbo.com/dam-images/fit-in/360x360/Products/10082023_1691676434946_1691676443100_8718452623440_1.png",
      "source_url": "https://www.jumbo.com/aanbiedingen/jumbo-spaanse-of-italiaanse-borrelschalen/3012548"
    },
    {
      "id": "448349BAK",
      "name": "Jumbo Serrano Gran Reserva 100 g",
      "brand": "Jumbo",
      "category": "Vleeswaren, kaas en tapas",
      "unit_size": "100 g",
      "offer_price": 3.99,
      "normal_price": 3.99,
      "price_per_unit": 39.9,
      "price_unit": "kg",
      "discount_tag": "2e halve prijs",
      "promo_title": "Jumbo Spaanse of Italiaanse borrelschalen",
      "validity": "wo 17 t/m vr 26 dec",
      "image_url": "https://www.jumbo.com/dam-images/fit-in/360x360/Products/448349_8718452609239_1_T1_448349BAK1691171740975.png",
      "source_url": "https://www.jumbo.com/aanbiedingen/jumbo-spaanse-of-italiaanse-borrelschalen/3012548"
    },
    {
      "id": "292464TRA",
      "name": "La Salumeria Italiana Prosciutto Cotto 100 g",
      "brand": "La Salumeria Italiana",
      "category": "Vleeswaren, kaas en tapas",
      "unit_size": "100 g",
      "offer_price": 3.69,
      "normal_price": 3.69,
      "price_per_unit": 36.9,
      "price_unit": "kg",
      "discount_tag": "2e halve prijs",
      "promo_title": "Jumbo Spaanse of Italiaanse borrelschalen",
      "validity": "wo 17 t/m vr 26 dec",
      "image_url": "https://www.jumbo.com/dam-images/fit-in/360x360/Products/09082023_1691586737270_1691586747195_8023918100022_1.png",
      "source_url": "https://www.jumbo.com/aanbiedingen/jumbo-spaanse-of-italiaanse-borrelschalen/3012548"
    },
    {
      "id": "615699BAK",
      "name": "Jumbo Selección de Jamón 100 g",
      "brand": "Jumbo",
      "category": "Vleeswaren, kaas en tapas",
      "unit_size": "100 g",
      "offer_price": 5.99,
      "normal_price": 5.99,
      "price_per_unit": 59.9,
      "price_unit": "kg",
      "discount_tag": "2e halve prijs",
      "promo_title": "Jumbo Spaanse of Italiaanse borrelschalen",
      "validity": "wo 17 t/m vr 26 dec",
      "image_url": "https://www.jumbo.com/dam-images/fit-in/360x360/Products/26062024_1719412468378_1719412475582_8718452830923_1.png",
      "source_url": "https://www.jumbo.com/aanbiedingen/jumbo-spaanse-of-italiaanse-borrelschalen/3012548"
    },
    {
      "id": "475509TRA",
      "name": "Jumbo Spianata Romana con Pepe 100 g",
      "brand": "Jumbo",
      "category": "Vleeswaren, kaas en tapas",
      "unit_size": "100 g",
      "offer_price": 3.49,
      "normal_price": 3.49,
      "price_per_unit": 34.9,
      "price_unit": "kg",
      "discount_tag": "2e halve prijs",
      "promo_title": "Jumbo Spaanse of Italiaanse borrelschalen",
      "validity": "wo 17 t/m vr 26 dec",
      "image_url": "https://www.jumbo.com/dam-images/fit-in/360x360/Products/10082023_1691676435157_1691676455859_8718452623495_1.png",
      "source_url": "https://www.jumbo.com/aanbiedingen/jumbo-spaanse-of-italiaanse-borrelschalen/3012548"
    },
    {
      "id": "448348BAK",
      "name": "Jumbo Tapas España 120 g",
      "brand": "Jumbo",
      "category": "Vleeswaren, kaas en tapas",
      "unit_size": "120 g",
      "offer_price": 4.19,
      "normal_price": 4.19,
      "price_per_unit": 34.92,
      "price_unit": "kg",
      "discount_tag": "2e halve prijs",
      "promo_title": "Jumbo Spaanse of Italiaanse borrelschalen",
      "validity": "wo 17 t/m vr 26 dec",
      "image_url": "https://www.jumbo.com/dam-images/fit-in/360x360/Products/09082023_1691589290901_1691589305030_8718452609246_1.png",
      "source_url": "https://www.jumbo.com/aanbiedingen/jumbo-spaanse-of-italiaanse-borrelschalen/3012548"
    },
    {
      "id": "475506TRA",
      "name": "Jumbo Salame Felino 100 g",
      "brand": "Jumbo",
      "category": "Vleeswaren, kaas en tapas",
      "unit_size": "100 g",
      "offer_price": 4.49,
      "normal_price": 4.49,
      "price_per_unit": 44.9,
      "price_unit": "kg",
      "discount_tag": "2e halve prijs",
      "promo_title": "Jumbo Spaanse of Italiaanse borrelschalen",
      "validity": "wo 17 t/m vr 26 dec",
      "image_url": "https://www.jumbo.com/dam-images/fit-in/360x360/Products/10082023_1691676434992_1691676456016_8718452623488_1.png",
      "source_url": "https://www.jumbo.com/aanbiedingen/jumbo-spaanse-of-italiaanse-borrelschalen/3012548"
    },
    {
      "id": "381014TRA",
      "name": "Jumbo Brunch Schotel Spaans 150 g",
      "brand": "Jumbo",
      "category": "Vleeswaren, kaas en tapas",
      "unit_size": "150 g",
      "offer_price": 4.59,
      "normal_price": 4.59,
      "price_per_unit": 30.6,
      "price_unit": "kg",
      "discount_tag": "2e halve prijs",
      "promo_title": "Jumbo Spaanse of Italiaanse borrelschalen",
      "validity": "wo 17 t/m vr 26 dec",
      "image_url": "https://www.jumbo.com/dam-images/fit-in/360x360/Products/16092025_1758047573708_1758047580690_8718452492947_1.png",
      "source_url": "https://www.jumbo.com/aanbiedingen/jumbo-spaanse-of-italiaanse-borrelschalen/3012548"
    },
    {
      "id": "381013TRA",
      "name": "Jumbo Brunch Schotel Italiaans 150 g",
      "brand": "Jumbo",
      "category": "Vleeswaren, kaas en tapas",
      "unit_size": "150 g",
      "offer_price": 4.59,
      "normal_price": 4.59,
      "price_per_unit": 30.6,
      "price_unit": "kg",
      "discount_tag": "2e halve prijs",
      "promo_title": "Jumbo Spaanse of Italiaanse borrelschalen",
      "validity": "wo 17 t/m vr 26 dec",
      "image_url": "https://www.jumbo.com/dam-images/fit-in/360x360/Products/16092025_1758047573792_1758047580073_8718452492930_1.png",
      "source_url": "https://www.jumbo.com/aanbiedingen/jumbo-spaanse-of-italiaanse-borrelschalen/3012548"
    },
    {
      "id": "715170STK",
      "name": "Jumbo Zalmfilet met Huid Naturel ca. 360 g",
      "brand": "Jumbo",
      "category": "Vlees, vis en vega",
      "unit_size": null,
      "offer_price": 8.99,
      "normal_price": 8.99,
      "price_per_unit": 24.97,
      "price_unit": "kg",
      "discount_tag": "voor 6,50",
      "promo_title": "Jumbo Zalmfilet met huid",
      "validity": "wo 17 t/m wo 31 dec",
      "image_url": "https://www.jumbo.com/dam-images/fit-in/360x360/Products/22092025_1758540896714_1758540901615_8718452979424_1.png",
      "source_url": "https://www.jumbo.com/aanbiedingen/jumbo-zalmfilet-met-huid/3012397"
    },
    {
      "id": "708724STK",
      "name": "Jumbo's Millionaires Caramel Taart 800g",
      "brand": "Jumbo's",
      "category": "Brood en gebak",
      "unit_size": null,
      "offer_price": 9.99,
      "normal_price": 9.99,
      "price_per_unit": 9.99,
      "price_unit": "pieces",
      "discount_tag": "25% korting",
      "promo_title": "Jumbo's Taarten",
      "validity": "wo 17 t/m wo 31 dec",
      "image_url": "https://www.jumbo.com/dam-images/fit-in/360x360/Products/milionairestaartT9c27bc576-6872-4d7c-a3bd-1f3c0ade7c82-1761560496507.png",
      "source_url": "https://www.jumbo.com/aanbiedingen/jumbos-taarten/3012486"
    },
    {
      "id": "708723STK",
      "name": "Jumbo's Carrot Cake 720g",
      "brand": "Jumbo's",
      "category": "Brood en gebak",
      "unit_size": null,
      "offer_price": 9.99,
      "normal_price": 9.99,
      "price_per_unit": 9.99,
      "price_unit": "pieces",
      "discount_tag": "25% korting",
      "promo_title": "Jumbo's Taarten",
      "validity": "wo 17 t/m wo 31 dec",
      "image_url": "https://www.jumbo.com/dam-images/fit-in/360x360/Products/CarrotcakeNAJAAR202529e60cbb15-d658-41d6-9b0c-123842f7cfaa-1763538703589.png",
      "source_url": "https://www.jumbo.com/aanbiedingen/jumbos-taarten/3012486"
    },
    {
      "id": "709934STK",
      "name": "Jumbo's Cheese Cake 660g",
      "brand": "Jumbo's",
      "category": "Brood en gebak",
      "unit_size": null,
      "offer_price": 8.99,
      "normal_price": 8.99,
      "price_per_unit": 8.99,
      "price_unit": "pieces",
      "discount_tag": "25% korting",
      "promo_title": "Jumbo's Taarten",
      "validity": "wo 17 t/m wo 31 dec",
      "image_url": "https://www.jumbo.com/dam-images/fit-in/360x360/Products/8718452966561T9fa9004f8-af58-4729-904f-0170b9586072-1761560496559.png",
      "source_url": "https://www.jumbo.com/aanbiedingen/jumbos-taarten/3012486"
    },
    {
      "id": "40491STK",
      "name": "Jumbo Cantaloupe Meloen 1 Stuks",
      "brand": "Jumbo",
      "category": "Aardappelen, groente en fruit",
      "unit_size": null,
      "offer_price": 2.49,
      "normal_price": 2.49,
      "price_per_unit": 2.49,
      "price_unit": "pieces",
      "discount_tag": "voor 1,99",
      "promo_title": "Galia of Cantaloupe meloen",
      "validity": "wo 17 t/m vr 26 dec",
      "image_url": "https://www.jumbo.com/dam-images/fit-in/360x360/Products/Cantaloupe118c24a82-96ae-441d-9f5c-9625b2c50e3a-1715178783107.png",
      "source_url": "https://www.jumbo.com/aanbiedingen/galia-of-cantaloupe-meloen/3013793"
    },
    {
      "id": "40490STK",
      "name": "Galia Meloen",
      "brand": "Jumbo",
      "category": "Aardappelen, groente en fruit",
      "unit_size": null,
      "offer_price": 2.49,
      "normal_price": 2.49,
      "price_per_unit": 2.49,
      "price_unit": "pieces",
      "discount_tag": "voor 1,99",
      "promo_title": "Galia of Cantaloupe meloen",
      "validity": "wo 17 t/m vr 26 dec",
      "image_url": "https://www.jumbo.com/dam-images/fit-in/360x360/Products/45946STK1be4a5cb9-bb46-48e3-834d-f10e4b2666a6-1694432016181.png",
      "source_url": "https://www.jumbo.com/aanbiedingen/galia-of-cantaloupe-meloen/3013793"
    },
    {
      "id": "45946STK",
      "name": "Jumbo Galia Meloen",
      "brand": "Jumbo",
      "category": "Aardappelen, groente en fruit",
      "unit_size": null,
      "offer_price": 2.49,
      "normal_price": 2.49,
      "price_per_unit": 2.49,
      "price_unit": "pieces",
      "discount_tag": "voor 1,99",
      "promo_title": "Galia of Cantaloupe meloen",
      "validity": "wo 17 t/m vr 26 dec",
      "image_url": "https://www.jumbo.com/dam-images/fit-in/360x360/Products/12122024_1734014360978_1734014365951_25003710_1.png",
      "source_url": "https://www.jumbo.com/aanbiedingen/galia-of-cantaloupe-meloen/3013793"
    },
    {
      "id": "641203KGR",
      "name": "Jumbo Roasted Ham ca. 110 g",
      "brand": "Jumbo",
      "category": "Vleeswaren, kaas en tapas",
      "unit_size": null,
      "offer_price": 3.46,
      "normal_price": 3.46,
      "price_per_unit": 31.5,
      "price_unit": "kg",
      "discount_tag": "25% korting",
      "promo_title": "Alle Jumbo versgesneden ham",
      "validity": "wo 17 t/m wo 31 dec",
      "image_url": "https://www.jumbo.com/dam-images/fit-in/360x360/Products/07072025_1751887996834_1751888002620_2353074000000_1.png",
      "source_url": "https://www.jumbo.com/aanbiedingen/alle-jumbo-versgesneden-ham/3012384"
    },
    {
      "id": "641363KGR",
      "name": "Jumbo Boerengrillham ca. 110 g",
      "brand": "Jumbo",
      "category": "Vleeswaren, kaas en tapas",
      "unit_size": null,
      "offer_price": 3.46,
      "normal_price": 3.46,
      "price_per_unit": 31.5,
      "price_unit": "kg",
      "discount_tag": "25% korting",
      "promo_title": "Alle Jumbo versgesneden ham",
      "validity": "wo 17 t/m wo 31 dec",
      "image_url": "https://www.jumbo.com/dam-images/fit-in/360x360/Products/07072025_1751887996923_1751888002720_2378324000000_1.png",
      "source_url": "https://www.jumbo.com/aanbiedingen/alle-jumbo-versgesneden-ham/3012384"
    },
    {
      "id": "668878KGR",
      "name": "Jumbo Gebakken Yorkham ca. 120 g",
      "brand": "Jumbo",
      "category": "Vleeswaren, kaas en tapas",
      "unit_size": null,
      "offer_price": 3.66,
      "normal_price": 3.66,
      "price_per_unit": 30.5,
      "price_unit": "kg",
      "discount_tag": "25% korting",
      "promo_title": "Alle Jumbo versgesneden ham",
      "validity": "wo 17 t/m wo 31 dec",
      "image_url": "https://www.jumbo.com/dam-images/fit-in/360x360/Products/14022025_1739539159103_1739539167055_2369594000000_1.png",
      "source_url": "https://www.jumbo.com/aanbiedingen/alle-jumbo-versgesneden-ham/3012384"
    },
    {
      "id": "668881KGR",
      "name": "Jumbo Beenham Gerookt ca. 120 g",
      "brand": "Jumbo",
      "category": "Vleeswaren, kaas en tapas",
      "unit_size": null,
      "offer_price": 3.66,
      "normal_price": 3.66,
      "price_per_unit": 30.5,
      "price_unit": "kg",
      "discount_tag": "25% korting",
      "promo_title": "Alle Jumbo versgesneden ham",
      "validity": "wo 17 t/m wo 31 dec",
      "image_url": "https://www.jumbo.com/dam-images/fit-in/360x360/Products/07022025_1738945991249_1738946009543_2369597000000_1.png",
      "source_url": "https://www.jumbo.com/aanbiedingen/alle-jumbo-versgesneden-ham/3012384"
    },
    {
      "id": "679440KGR",
      "name": "YORKHAM NATUREL",
      "brand": "Jumbo",
      "category": "Vleeswaren, kaas en tapas",
      "unit_size": null,
      "offer_price": 0.03,
      "normal_price": 0.03,
      "price_per_unit": 30.5,
      "price_unit": "kg",
      "discount_tag": "25% korting",
      "promo_title": "Alle Jumbo versgesneden ham",
      "validity": "wo 17 t/m wo 31 dec",
      "image_url": "",
      "source_url": "https://www.jumbo.com/aanbiedingen/alle-jumbo-versgesneden-ham/3012384"
    },
    {
      "id": "668882KGR",
      "name": "Jumbo Slagers Achterham ca. 110 g",
      "brand": "Jumbo",
      "category": "Vleeswaren, kaas en tapas",
      "unit_size": null,
      "offer_price": 3.35,
      "normal_price": 3.35,
      "price_per_unit": 30.5,
      "price_unit": "kg",
      "discount_tag": "25% korting",
      "promo_title": "Alle Jumbo versgesneden ham",
      "validity": "wo 17 t/m wo 31 dec",
      "image_url": "https://www.jumbo.com/dam-images/fit-in/360x360/Products/14032025_1741966368310_1741966375506_2369598000000_1.png",
      "source_url": "https://www.jumbo.com/aanbiedingen/alle-jumbo-versgesneden-ham/3012384"
    },
    {
      "id": "707477KGR",
      "name": "Jumbo Peperham ca. 100 g",
      "brand": "Jumbo",
      "category": "Vleeswaren, kaas en tapas",
      "unit_size": null,
      "offer_price": 3.2,
      "normal_price": 3.2,
      "price_per_unit": 32.0,
      "price_unit": "kg",
      "discount_tag": "25% korting",
      "promo_title": "Alle Jumbo versgesneden ham",
      "validity": "wo 17 t/m wo 31 dec",
      "image_url": "https://www.jumbo.com/dam-images/fit-in/360x360/Products/08082025_1754638396508_1754638403331_2348603000000_1.png",
      "source_url": "https://www.jumbo.com/aanbiedingen/alle-jumbo-versgesneden-ham/3012384"
    },
    {
      "id": "641385KGR",
      "name": "Jumbo Brabantse Slagersachterham ca. 110 g",
      "brand": "Jumbo",
      "category": "Vleeswaren, kaas en tapas",
      "unit_size": null,
      "offer_price": 3.46,
      "normal_price": 3.46,
      "price_per_unit": 31.5,
      "price_unit": "kg",
      "discount_tag": "25% korting",
      "promo_title": "Alle Jumbo versgesneden ham",
      "validity": "wo 17 t/m wo 31 dec",
      "image_url": "https://www.jumbo.com/dam-images/fit-in/360x360/Products/07072025_1751887997020_1751888002433_2378333000000_1.png",
      "source_url": "https://www.jumbo.com/aanbiedingen/alle-jumbo-versgesneden-ham/3012384"
    },
    {
      "id": "668880KGR",
      "name": "Jumbo Yorkham Naturel ca. 120 g",
      "brand": "Jumbo",
      "category": "Vleeswaren, kaas en tapas",
      "unit_size": null,
      "offer_price": 3.66,
      "normal_price": 3.66,
      "price_per_unit": 30.5,
      "price_unit": "kg",
      "discount_tag": "25% korting",
      "promo_title": "Alle Jumbo versgesneden ham",
      "validity": "wo 17 t/m wo 31 dec",
      "image_url": "https://www.jumbo.com/dam-images/fit-in/360x360/Products/07022025_1738945991430_1738946009799_2369595000000_1.png",
      "source_url": "https://www.jumbo.com/aanbiedingen/alle-jumbo-versgesneden-ham/3012384"
    },
    {
      "id": "668879KGR",
      "name": "Jumbo Gegrilde Beenham ca. 120 g",
      "brand": "Jumbo",
      "category": "Vleeswaren, kaas en tapas",
      "unit_size": null,
      "offer_price": 3.66,
      "normal_price": 3.66,
      "price_per_unit": 30.5,
      "price_unit": "kg",
      "discount_tag": "25% korting",
      "promo_title": "Alle Jumbo versgesneden ham",
      "validity": "wo 17 t/m wo 31 dec",
      "image_url": "https://www.jumbo.com/dam-images/fit-in/360x360/Products/07022025_1738945991433_1738946009520_2369596000000_1.png",
      "source_url": "https://www.jumbo.com/aanbiedingen/alle-jumbo-versgesneden-ham/3012384"
    },
    {
      "id": "487369KGR",
      "name": "BEENHAM GEGRILD",
      "brand": "Jumbo",
      "category": "Vleeswaren, kaas en tapas",
      "unit_size": null,
      "offer_price": 0.03,
      "normal_price": 0.03,
      "price_per_unit": 30.5,
      "price_unit": "kg",
      "discount_tag": "25% korting",
      "promo_title": "Alle Jumbo versgesneden ham",
      "validity": "wo 17 t/m wo 31 dec",
      "image_url": "",
      "source_url": "https://www.jumbo.com/aanbiedingen/alle-jumbo-versgesneden-ham/3012384"
    },
    {
      "id": "315299PAK",
      "name": "Président Mini le Brie 125 g",
      "brand": "President",
      "category": "Vleeswaren, kaas en tapas",
      "unit_size": "125 g",
      "offer_price": 2.29,
      "normal_price": 2.29,
      "price_per_unit": 18.32,
      "price_unit": "kg",
      "discount_tag": "2e halve prijs",
      "promo_title": "Alle Président boter of kaas",
      "validity": "wo 17 t/m vr 26 dec",
      "image_url": "https://www.jumbo.com/dam-images/fit-in/360x360/Products/13122024_1734085978005_1734085982373_5906207473140_1.png",
      "source_url": "https://www.jumbo.com/aanbiedingen/alle-president-boter-of-kaas/3012374"
    },
    {
      "id": "712012STK",
      "name": "Président Roomboter Ongezouten 200 g",
      "brand": "President",
      "category": "Zuivel, eieren, boter",
      "unit_size": "200 g",
      "offer_price": 3.89,
      "normal_price": 3.89,
      "price_per_unit": 19.45,
      "price_unit": "kg",
      "discount_tag": "2e halve prijs",
      "promo_title": "Alle Président boter of kaas",
      "validity": "wo 17 t/m vr 26 dec",
      "image_url": "https://www.jumbo.com/dam-images/fit-in/360x360/Products/30072025_1753900395859_1753900399228_3155253030759_1.png",
      "source_url": "https://www.jumbo.com/aanbiedingen/alle-president-boter-of-kaas/3012374"
    },
    {
      "id": "541788STK",
      "name": "Président le Brie Kaas 200 g",
      "brand": "President",
      "category": "Vleeswaren, kaas en tapas",
      "unit_size": "200 g",
      "offer_price": 2.99,
      "normal_price": 2.99,
      "price_per_unit": 14.95,
      "price_unit": "kg",
      "discount_tag": "2e halve prijs",
      "promo_title": "Alle Président boter of kaas",
      "validity": "wo 17 t/m vr 26 dec",
      "image_url": "https://www.jumbo.com/dam-images/fit-in/360x360/Products/22102025_1761143575674_1761143578420_3228020232028_1.png",
      "source_url": "https://www.jumbo.com/aanbiedingen/alle-president-boter-of-kaas/3012374"
    },
    {
      "id": "418811PAK",
      "name": "Président l'Ovale 200 g",
      "brand": "President",
      "category": "Vleeswaren, kaas en tapas",
      "unit_size": "200 g",
      "offer_price": 3.75,
      "normal_price": 3.75,
      "price_per_unit": 18.75,
      "price_unit": "kg",
      "discount_tag": "2e halve prijs",
      "promo_title": "Alle Président boter of kaas",
      "validity": "wo 17 t/m vr 26 dec",
      "image_url": "https://www.jumbo.com/dam-images/fit-in/360x360/Products/05122024_1733394796144_1733394802626_3228024200238_1.png",
      "source_url": "https://www.jumbo.com/aanbiedingen/alle-president-boter-of-kaas/3012374"
    },
    {
      "id": "198461STK",
      "name": "Président Le Brie Extra Smeuïg 200 g",
      "brand": "President",
      "category": "Vleeswaren, kaas en tapas",
      "unit_size": "200 g",
      "offer_price": 3.29,
      "normal_price": 3.29,
      "price_per_unit": 16.45,
      "price_unit": "kg",
      "discount_tag": "2e halve prijs",
      "promo_title": "Alle Président boter of kaas",
      "validity": "wo 17 t/m vr 26 dec",
      "image_url": "https://www.jumbo.com/dam-images/fit-in/360x360/Products/20022025_1740043988584_1740043993960_3228022230039_1.png",
      "source_url": "https://www.jumbo.com/aanbiedingen/alle-president-boter-of-kaas/3012374"
    },
    {
      "id": "556781DS",
      "name": "Président Petit Camembert Extra Smeuïg Mild 135 g",
      "brand": "President",
      "category": "Vleeswaren, kaas en tapas",
      "unit_size": "135 g",
      "offer_price": 2.99,
      "normal_price": 2.99,
      "price_per_unit": 22.15,
      "price_unit": "kg",
      "discount_tag": "2e halve prijs",
      "promo_title": "Alle Président boter of kaas",
      "validity": "wo 17 t/m vr 26 dec",
      "image_url": "https://www.jumbo.com/dam-images/fit-in/360x360/Products/09082023_1691592794214_1691592960962_3228024220069_1.png",
      "source_url": "https://www.jumbo.com/aanbiedingen/alle-president-boter-of-kaas/3012374"
    },
    {
      "id": "712009STK",
      "name": "Président Gezouten Roomboter met Verlaagd Vetgehalte (60%) 200 g",
      "brand": "President",
      "category": "Zuivel, eieren, boter",
      "unit_size": "200 g",
      "offer_price": 3.59,
      "normal_price": 3.59,
      "price_per_unit": 17.95,
      "price_unit": "kg",
      "discount_tag": "2e halve prijs",
      "promo_title": "Alle Président boter of kaas",
      "validity": "wo 17 t/m vr 26 dec",
      "image_url": "https://www.jumbo.com/dam-images/fit-in/360x360/Products/04082025_1754332391141_1754332394963_3155253030797_1.png",
      "source_url": "https://www.jumbo.com/aanbiedingen/alle-president-boter-of-kaas/3012374"
    },
    {
      "id": "712011STK",
      "name": "Président Roomboter Ongezouten 225 g",
      "brand": "President",
      "category": "Zuivel, eieren, boter",
      "unit_size": "225 g",
      "offer_price": 4.49,
      "normal_price": 4.49,
      "price_per_unit": 19.96,
      "price_unit": "kg",
      "discount_tag": "2e halve prijs",
      "promo_title": "Alle Président boter of kaas",
      "validity": "wo 17 t/m vr 26 dec",
      "image_url": "https://www.jumbo.com/dam-images/fit-in/360x360/Products/04082025_1754332391266_1754332395314_3155253030803_1.png",
      "source_url": "https://www.jumbo.com/aanbiedingen/alle-president-boter-of-kaas/3012374"
    },
    {
      "id": "505198BAK",
      "name": "Président Crème de Brie 125 g",
      "brand": "President",
      "category": "Vleeswaren, kaas en tapas",
      "unit_size": "125 g",
      "offer_price": 2.79,
      "normal_price": 2.79,
      "price_per_unit": 22.32,
      "price_unit": "kg",
      "discount_tag": "2e halve prijs",
      "promo_title": "Alle Président boter of kaas",
      "validity": "wo 17 t/m vr 26 dec",
      "image_url": "https://www.jumbo.com/dam-images/fit-in/360x360/Products/14042025_1744623168490_1744623179752_3228024070282_1.png",
      "source_url": "https://www.jumbo.com/aanbiedingen/alle-president-boter-of-kaas/3012374"
    },
    {
      "id": "617460STK",
      "name": "Président Burger Cheddar 8 Plakjes 150 g",
      "brand": "President",
      "category": "Vleeswaren, kaas en tapas",
      "unit_size": "150 g",
      "offer_price": 2.59,
      "normal_price": 2.59,
      "price_per_unit": 17.27,
      "price_unit": "kg",
      "discount_tag": "2e halve prijs",
      "promo_title": "Alle Président boter of kaas",
      "validity": "wo 17 t/m vr 26 dec",
      "image_url": "https://www.jumbo.com/dam-images/fit-in/360x360/Products/13112024_1731497559546_1731497572044_3228024160051_1.png",
      "source_url": "https://www.jumbo.com/aanbiedingen/alle-president-boter-of-kaas/3012374"
    },
    {
      "id": "712014STK",
      "name": "Président Roomboter Gezouten 200 g",
      "brand": "President",
      "category": "Zuivel, eieren, boter",
      "unit_size": "200 g",
      "offer_price": 3.89,
      "normal_price": 3.89,
      "price_per_unit": 19.45,
      "price_unit": "kg",
      "discount_tag": "2e halve prijs",
      "promo_title": "Alle Président boter of kaas",
      "validity": "wo 17 t/m vr 26 dec",
      "image_url": "https://www.jumbo.com/dam-images/fit-in/360x360/Products/30072025_1753900396081_1753900399540_3155253030766_1.png",
      "source_url": "https://www.jumbo.com/aanbiedingen/alle-president-boter-of-kaas/3012374"
    },
    {
      "id": "712013STK",
      "name": "Président Gezouten Roomboter 225 g",
      "brand": "President",
      "category": "Zuivel, eieren, boter",
      "unit_size": "225 g",
      "offer_price": 4.49,
      "normal_price": 4.49,
      "price_per_unit": 19.96,
      "price_unit": "kg",
      "discount_tag": "2e halve prijs",
      "promo_title": "Alle Président boter of kaas",
      "validity": "wo 17 t/m vr 26 dec",
      "image_url": "https://www.jumbo.com/dam-images/fit-in/360x360/Products/30072025_1753900395972_1753900399527_3155253030810_1.png",
      "source_url": "https://www.jumbo.com/aanbiedingen/alle-president-boter-of-kaas/3012374"
    },
    {
      "id": "712010STK",
      "name": "Président Roomboter met Verlaagd Vetgehalte (60%) Ongezouten 200 g",
      "brand": "President",
      "category": "Zuivel, eieren, boter",
      "unit_size": "200 g",
      "offer_price": 3.59,
      "normal_price": 3.59,
      "price_per_unit": 17.95,
      "price_unit": "kg",
      "discount_tag": "2e halve prijs",
      "promo_title": "Alle Président boter of kaas",
      "validity": "wo 17 t/m vr 26 dec",
      "image_url": "https://www.jumbo.com/dam-images/fit-in/360x360/Products/04082025_1754332391150_1754332394825_3155253030780_1.png",
      "source_url": "https://www.jumbo.com/aanbiedingen/alle-president-boter-of-kaas/3012374"
    },
    {
      "id": "712603BAK",
      "name": "Oma's Ei Salade Traditioneel 160 g",
      "brand": "Oma's",
      "category": "Vleeswaren, kaas en tapas",
      "unit_size": "160 gram",
      "offer_price": 2.99,
      "normal_price": 2.99,
      "price_per_unit": 18.69,
      "price_unit": "kg",
      "discount_tag": "25% korting",
      "promo_title": "Oma's salades",
      "validity": "wo 17 t/m wo 31 dec",
      "image_url": "https://www.jumbo.com/dam-images/fit-in/360x360/Products/23102025_1761215578896_1761215586195_8721398084046_1.png",
      "source_url": "https://www.jumbo.com/aanbiedingen/omas-salades/3012406"
    },
    {
      "id": "712602BAK",
      "name": "Oma's Kip Kerrie Salade 160 g",
      "brand": "Oma's",
      "category": "Vleeswaren, kaas en tapas",
      "unit_size": "160 gram",
      "offer_price": 2.99,
      "normal_price": 2.99,
      "price_per_unit": 18.69,
      "price_unit": "kg",
      "discount_tag": "25% korting",
      "promo_title": "Oma's salades",
      "validity": "wo 17 t/m wo 31 dec",
      "image_url": "https://www.jumbo.com/dam-images/fit-in/360x360/Products/21102025_1761028391886_1761028399318_8721398084107_1.png",
      "source_url": "https://www.jumbo.com/aanbiedingen/omas-salades/3012406"
    },
    {
      "id": "712600BAK",
      "name": "Oma's Ei Salade Surinaams 160 g",
      "brand": "Oma's",
      "category": "Vleeswaren, kaas en tapas",
      "unit_size": "160 gram",
      "offer_price": 2.99,
      "normal_price": 2.99,
      "price_per_unit": 18.69,
      "price_unit": "kg",
      "discount_tag": "25% korting",
      "promo_title": "Oma's salades",
      "validity": "wo 17 t/m wo 31 dec",
      "image_url": "https://www.jumbo.com/dam-images/fit-in/360x360/Products/21102025_1761028392100_1761028398873_8721398084060_1.png",
      "source_url": "https://www.jumbo.com/aanbiedingen/omas-salades/3012406"
    },
    {
      "id": "712601BAK",
      "name": "Oma's Tonijn Salade 160 g",
      "brand": "Oma's",
      "category": "Vleeswaren, kaas en tapas",
      "unit_size": "160 gram",
      "offer_price": 2.99,
      "normal_price": 2.99,
      "price_per_unit": 18.69,
      "price_unit": "kg",
      "discount_tag": "25% korting",
      "promo_title": "Oma's salades",
      "validity": "wo 17 t/m wo 31 dec",
      "image_url": "https://www.jumbo.com/dam-images/fit-in/360x360/Products/21102025_1761028391887_1761028398669_8721398084084_1.png",
      "source_url": "https://www.jumbo.com/aanbiedingen/omas-salades/3012406"
    },
    {
      "id": "201419STK",
      "name": "Duyvis Borrelnootjes Provencale Pinda Noten 125 g",
      "brand": "Duyvis",
      "category": "Koek, snoep, chocolade en chips",
      "unit_size": "125 Gram",
      "offer_price": 1.79,
      "normal_price": 1.79,
      "price_per_unit": 14.32,
      "price_unit": "kg",
      "discount_tag": "voor 1,00",
      "promo_title": "Duyvis Borrelnootjes",
      "validity": "wo 17 t/m vr 26 dec",
      "image_url": "https://www.jumbo.com/dam-images/fit-in/360x360/Products/10102025_1760059718032_1760059737056_201419_STK_08710398510822_C1N1.png",
      "source_url": "https://www.jumbo.com/aanbiedingen/duyvis-borrelnootjes/3012586"
    },
    {
      "id": "201430STK",
      "name": "Duyvis Borrelnootjes Cocktail Pinda Noten 125 g",
      "brand": "Duyvis",
      "category": "Koek, snoep, chocolade en chips",
      "unit_size": "125 Gram",
      "offer_price": 1.79,
      "normal_price": 1.79,
      "price_per_unit": 14.32,
      "price_unit": "kg",
      "discount_tag": "voor 1,00",
      "promo_title": "Duyvis Borrelnootjes",
      "validity": "wo 17 t/m vr 26 dec",
      "image_url": "https://www.jumbo.com/dam-images/fit-in/360x360/Products/10102025_1760060409235_1760060428367_201430_STK_08710398510846_C1N1.png",
      "source_url": "https://www.jumbo.com/aanbiedingen/duyvis-borrelnootjes/3012586"
    },
    {
      "id": "708581ZK",
      "name": "Bonduelle Lunch Bowl Mexican Style - Basmati rijst en rode kidneybonen met gekruide groenten 250g",
      "brand": "Bonduelle",
      "category": "Wereldkeukens, kruiden, pasta en rijst",
      "unit_size": null,
      "offer_price": 3.59,
      "normal_price": 3.59,
      "price_per_unit": 14.36,
      "price_unit": "kg",
      "discount_tag": "25% korting",
      "promo_title": "Bonduelle lunchbowls",
      "validity": "wo 17 t/m wo 31 dec",
      "image_url": "https://www.jumbo.com/dam-images/fit-in/360x360/Products/07072025_1751890214013_1751890232580_708581_ZK_03083681180572_H1N1.png",
      "source_url": "https://www.jumbo.com/aanbiedingen/bonduelle-lunchbowls/3012469"
    },
    {
      "id": "708580ZK",
      "name": "Bonduelle Lunch Bowl Oriental Style - Couscous en zwarte kikkererwten met gekruide groenten 250g",
      "brand": "Bonduelle",
      "category": "Wereldkeukens, kruiden, pasta en rijst",
      "unit_size": null,
      "offer_price": 3.59,
      "normal_price": 3.59,
      "price_per_unit": 14.36,
      "price_unit": "kg",
      "discount_tag": "25% korting",
      "promo_title": "Bonduelle lunchbowls",
      "validity": "wo 17 t/m wo 31 dec",
      "image_url": "https://www.jumbo.com/dam-images/fit-in/360x360/Products/07072025_1751890139942_1751890159355_708580_ZK_03083681180602_H1N1.png",
      "source_url": "https://www.jumbo.com/aanbiedingen/bonduelle-lunchbowls/3012469"
    },
    {
      "id": "576334PAK",
      "name": "Croma Bakken en Braden Voordeelpak 500 g",
      "brand": "Croma",
      "category": "Zuivel, eieren, boter",
      "unit_size": "500 g",
      "offer_price": 3.99,
      "normal_price": 3.99,
      "price_per_unit": 7.98,
      "price_unit": "kg",
      "discount_tag": "voor 2,99",
      "promo_title": "Croma",
      "validity": "wo 17 t/m vr 26 dec",
      "image_url": "https://www.jumbo.com/dam-images/fit-in/360x360/Products/07072025_1751880766579_1751880772678_8719200263116_1.png",
      "source_url": "https://www.jumbo.com/aanbiedingen/croma/3012432"
    },
    {
      "id": "225742FLS",
      "name": "Croma Bakken en Braden Voordeelfles 750 ml",
      "brand": "Croma",
      "category": "Zuivel, eieren, boter",
      "unit_size": "750 ml",
      "offer_price": 5.39,
      "normal_price": 5.39,
      "price_per_unit": 7.19,
      "price_unit": "l",
      "discount_tag": "voor 2,99",
      "promo_title": "Croma",
      "validity": "wo 17 t/m vr 26 dec",
      "image_url": "https://www.jumbo.com/dam-images/fit-in/360x360/Products/02042025_1743582811769_1743582817086_8719200017597_1.png",
      "source_url": "https://www.jumbo.com/aanbiedingen/croma/3012432"
    },
    {
      "id": "713205ZK",
      "name": "Chio Oven Sticks Mild Cheese 160 g",
      "brand": "Chio",
      "category": "Koek, snoep, chocolade en chips",
      "unit_size": "160 g",
      "offer_price": 1.69,
      "normal_price": 1.69,
      "price_per_unit": 10.56,
      "price_unit": "kg",
      "discount_tag": "25% korting",
      "promo_title": "Chio Oven sticks",
      "validity": "wo 17 t/m wo 31 dec",
      "image_url": "https://www.jumbo.com/dam-images/fit-in/360x360/Products/08082025_1754678044127_1754678051405_8710532474317_1.png",
      "source_url": "https://www.jumbo.com/aanbiedingen/chio-oven-sticks/3012385"
    },
    {
      "id": "713204ZK",
      "name": "Chio Oven Sticks Naturel 160 g",
      "brand": "Chio",
      "category": "Koek, snoep, chocolade en chips",
      "unit_size": "160 g",
      "offer_price": 1.69,
      "normal_price": 1.69,
      "price_per_unit": 10.56,
      "price_unit": "kg",
      "discount_tag": "25% korting",
      "promo_title": "Chio Oven sticks",
      "validity": "wo 17 t/m wo 31 dec",
      "image_url": "https://www.jumbo.com/dam-images/fit-in/360x360/Products/08082025_1754678044081_1754678051701_8710532474331_1.png",
      "source_url": "https://www.jumbo.com/aanbiedingen/chio-oven-sticks/3012385"
    },
    {
      "id": "707470DS",
      "name": "Cornet Oaked Blond 4x330ML",
      "brand": "Cornet",
      "category": "Bier en wijn",
      "unit_size": null,
      "offer_price": 7.99,
      "normal_price": 7.99,
      "price_per_unit": 6.05,
      "price_unit": "l",
      "discount_tag": "25% korting",
      "promo_title": "Weihenstephaner, Cornet, 8.6 of pils van Bavaria",
      "validity": "wo 17 t/m vr 26 dec",
      "image_url": "https://www.jumbo.com/dam-images/fit-in/360x360/Products/05410783004624C1N198363a9f-c3e1-4979-a19a-6d3e8633d5d0-1754902612997.png",
      "source_url": "https://www.jumbo.com/aanbiedingen/weihenstephaner-cornet-86-of-pils-van-bavaria/3012493"
    },
    {
      "id": "583696PAK",
      "name": "Bavaria - Pilsener - Blik - 6 x 500ML",
      "brand": "Bavaria",
      "category": "Bier en wijn",
      "unit_size": "6 x 500 mL",
      "offer_price": 6.99,
      "normal_price": 6.99,
      "price_per_unit": 2.33,
      "price_unit": "l",
      "discount_tag": "25% korting",
      "promo_title": "Weihenstephaner, Cornet, 8.6 of pils van Bavaria",
      "validity": "wo 17 t/m vr 26 dec",
      "image_url": "https://www.jumbo.com/dam-images/fit-in/360x360/Products/05082024_1722816020477_1722816027393_8714800046688_1.png",
      "source_url": "https://www.jumbo.com/aanbiedingen/weihenstephaner-cornet-86-of-pils-van-bavaria/3012493"
    },
    {
      "id": "646814BLK",
      "name": "8.6 Original Blik 500ML",
      "brand": "8.6",
      "category": "Bier en wijn",
      "unit_size": null,
      "offer_price": 1.99,
      "normal_price": 1.99,
      "price_per_unit": 3.98,
      "price_unit": "l",
      "discount_tag": "25% korting",
      "promo_title": "Weihenstephaner, Cornet, 8.6 of pils van Bavaria",
      "validity": "wo 17 t/m vr 26 dec",
      "image_url": "https://www.jumbo.com/dam-images/fit-in/360x360/Products/18122024_1734534783555_1734534785961_646814_BLK_08714800046534_C1N1.png",
      "source_url": "https://www.jumbo.com/aanbiedingen/weihenstephaner-cornet-86-of-pils-van-bavaria/3012493"
    },
    {
      "id": "426824FLS",
      "name": "Weihenstephaner - Hefeweissbier - Fles - 500ML",
      "brand": "Weihenstephaner",
      "category": "Bier en wijn",
      "unit_size": null,
      "offer_price": 2.09,
      "normal_price": 2.09,
      "price_per_unit": 4.18,
      "price_unit": "l",
      "discount_tag": "25% korting",
      "promo_title": "Weihenstephaner, Cornet, 8.6 of pils van Bavaria",
      "validity": "wo 17 t/m vr 26 dec",
      "image_url": "https://www.jumbo.com/dam-images/fit-in/360x360/Products/09082023_1691585252526_1691585267754_4105120033948_1.png",
      "source_url": "https://www.jumbo.com/aanbiedingen/weihenstephaner-cornet-86-of-pils-van-bavaria/3012493"
    },
    {
      "id": "704054FLS",
      "name": "Weihenstephan Vitus 500ML",
      "brand": "Weihenstephaner",
      "category": "Bier en wijn",
      "unit_size": null,
      "offer_price": 2.89,
      "normal_price": 2.89,
      "price_per_unit": 5.78,
      "price_unit": "l",
      "discount_tag": "25% korting",
      "promo_title": "Weihenstephaner, Cornet, 8.6 of pils van Bavaria",
      "validity": "wo 17 t/m vr 26 dec",
      "image_url": "https://www.jumbo.com/dam-images/fit-in/360x360/Products/11062025_1749643995022_1749643999616_704054_FLS_04105120004108_C1N1.png",
      "source_url": "https://www.jumbo.com/aanbiedingen/weihenstephaner-cornet-86-of-pils-van-bavaria/3012493"
    },
    {
      "id": "573018TRA",
      "name": "8.6 Extreme - Bier - Blik - 4 x 500ML",
      "brand": "8.6",
      "category": "Bier en wijn",
      "unit_size": "4 x 500 mL",
      "offer_price": 8.69,
      "normal_price": 8.69,
      "price_per_unit": 4.35,
      "price_unit": "l",
      "discount_tag": "25% korting",
      "promo_title": "Weihenstephaner, Cornet, 8.6 of pils van Bavaria",
      "validity": "wo 17 t/m vr 26 dec",
      "image_url": "https://www.jumbo.com/dam-images/fit-in/360x360/Products/05082024_1722816020508_1722816025976_8714800047869_1.png",
      "source_url": "https://www.jumbo.com/aanbiedingen/weihenstephaner-cornet-86-of-pils-van-bavaria/3012493"
    },
    {
      "id": "538303PAK",
      "name": "Bavaria - Pilsener - Blik - 6 x 330ML",
      "brand": "Bavaria",
      "category": "Bier en wijn",
      "unit_size": null,
      "offer_price": 5.99,
      "normal_price": 5.99,
      "price_per_unit": 3.03,
      "price_unit": "l",
      "discount_tag": "25% korting",
      "promo_title": "Weihenstephaner, Cornet, 8.6 of pils van Bavaria",
      "validity": "wo 17 t/m vr 26 dec",
      "image_url": "https://www.jumbo.com/dam-images/fit-in/360x360/Products/08714800046640H1N16ac387c2-4bc1-46d1-bfdc-48f56fa73506-1719316576676.png",
      "source_url": "https://www.jumbo.com/aanbiedingen/weihenstephaner-cornet-86-of-pils-van-bavaria/3012493"
    },
    {
      "id": "594424FLS",
      "name": "Weihenstephaner Korbinian Dubbelbock Fles 500ML",
      "brand": "Weihenstephaner",
      "category": "Bier en wijn",
      "unit_size": "500 mL",
      "offer_price": 2.89,
      "normal_price": 2.89,
      "price_per_unit": 5.78,
      "price_unit": "l",
      "discount_tag": "25% korting",
      "promo_title": "Weihenstephaner, Cornet, 8.6 of pils van Bavaria",
      "validity": "wo 17 t/m vr 26 dec",
      "image_url": "https://www.jumbo.com/dam-images/fit-in/360x360/Products/31012025_1738291548292_1738291556221_594424_FLS_04105120004504_C1N1.png",
      "source_url": "https://www.jumbo.com/aanbiedingen/weihenstephaner-cornet-86-of-pils-van-bavaria/3012493"
    },
    {
      "id": "669823DS",
      "name": "Cornet Oaked Gold Blond 5,8% 4x330ML",
      "brand": "Cornet",
      "category": "Bier en wijn",
      "unit_size": null,
      "offer_price": 6.99,
      "normal_price": 6.99,
      "price_per_unit": 5.3,
      "price_unit": "l",
      "discount_tag": "25% korting",
      "promo_title": "Weihenstephaner, Cornet, 8.6 of pils van Bavaria",
      "validity": "wo 17 t/m vr 26 dec",
      "image_url": "https://www.jumbo.com/dam-images/fit-in/360x360/Products/05410783010939C1N13c99a09f-09d3-43a2-8921-598107ba4a17-1741005667942.png",
      "source_url": "https://www.jumbo.com/aanbiedingen/weihenstephaner-cornet-86-of-pils-van-bavaria/3012493"
    },
    {
      "id": "865605FLS",
      "name": "Zwarte Kip - Advocaat - 500ML",
      "brand": "Zwarte Kip",
      "category": "Bier en wijn",
      "unit_size": null,
      "offer_price": 6.49,
      "normal_price": 6.49,
      "price_per_unit": 12.98,
      "price_unit": "l",
      "discount_tag": "voor 5,49",
      "promo_title": "Zwarte Kip Advocaat",
      "validity": "wo 17 t/m vr 26 dec",
      "image_url": "https://www.jumbo.com/dam-images/fit-in/360x360/Products/09082023_1691584711286_1691584721546_8716000964632_1.png",
      "source_url": "https://www.jumbo.com/aanbiedingen/zwarte-kip-advocaat/3012531"
    },
    {
      "id": "720436FLS",
      "name": "Jumbo's Fruity Citrus Wave Sap 250 ml",
      "brand": "Jumbo's",
      "category": "Frisdrank en sappen",
      "unit_size": "250 ml",
      "offer_price": 2.79,
      "normal_price": 2.79,
      "price_per_unit": 11.16,
      "price_unit": "l",
      "discount_tag": "1+1 gratis",
      "promo_title": "Jumbo's versgeperste sappen of smoothies",
      "validity": "wo 17 t/m wo 31 dec",
      "image_url": "https://www.jumbo.com/dam-images/fit-in/360x360/Products/12112025_1762950793548_1762950796838_8718452949083_1.png",
      "source_url": "https://www.jumbo.com/aanbiedingen/jumbos-versgeperste-sappen-of-smoothies/3012547"
    },
    {
      "id": "720443FLS",
      "name": "Jumbo's Creamy Cloudy Coffee Smoothie 250 ml",
      "brand": "Jumbo's",
      "category": "Frisdrank en sappen",
      "unit_size": "250 ml",
      "offer_price": 2.79,
      "normal_price": 2.79,
      "price_per_unit": 11.16,
      "price_unit": "l",
      "discount_tag": "1+1 gratis",
      "promo_title": "Jumbo's versgeperste sappen of smoothies",
      "validity": "wo 17 t/m wo 31 dec",
      "image_url": "https://www.jumbo.com/dam-images/fit-in/360x360/Products/12112025_1762950793913_1762950797706_8718452949151_1.png",
      "source_url": "https://www.jumbo.com/aanbiedingen/jumbos-versgeperste-sappen-of-smoothies/3012547"
    },
    {
      "id": "729330FLS",
      "name": "Jumbo's Fruity Sweet Potato Spiced Sap 250 ml",
      "brand": "Jumbo's",
      "category": "Aardappelen, groente en fruit",
      "unit_size": "250 ml",
      "offer_price": 2.79,
      "normal_price": 2.79,
      "price_per_unit": 11.16,
      "price_unit": "l",
      "discount_tag": "1+1 gratis",
      "promo_title": "Jumbo's versgeperste sappen of smoothies",
      "validity": "wo 17 t/m wo 31 dec",
      "image_url": "https://www.jumbo.com/dam-images/fit-in/360x360/Products/12112025_1762950794071_1762950797287_8718452949106_1.png",
      "source_url": "https://www.jumbo.com/aanbiedingen/jumbos-versgeperste-sappen-of-smoothies/3012547"
    },
    {
      "id": "729332FLS",
      "name": "Jumbo's Creamy Coconut Citrus Crush Smoothie 250 ml",
      "brand": "Jumbo's",
      "category": "Aardappelen, groente en fruit",
      "unit_size": "250 ml",
      "offer_price": 2.79,
      "normal_price": 2.79,
      "price_per_unit": 11.16,
      "price_unit": "l",
      "discount_tag": "1+1 gratis",
      "promo_title": "Jumbo's versgeperste sappen of smoothies",
      "validity": "wo 17 t/m wo 31 dec",
      "image_url": "https://www.jumbo.com/dam-images/fit-in/360x360/Products/12112025_1762950794095_1762950798190_8718452949137_1.png",
      "source_url": "https://www.jumbo.com/aanbiedingen/jumbos-versgeperste-sappen-of-smoothies/3012547"
    },
    {
      "id": "722456FLS",
      "name": "Jumbo's Fruity Chai Noël 250ML",
      "brand": "Jumbo's",
      "category": "Frisdrank en sappen",
      "unit_size": "250 ml",
      "offer_price": 2.79,
      "normal_price": 2.79,
      "price_per_unit": 11.16,
      "price_unit": "l",
      "discount_tag": "1+1 gratis",
      "promo_title": "Jumbo's versgeperste sappen of smoothies",
      "validity": "wo 17 t/m wo 31 dec",
      "image_url": "https://www.jumbo.com/dam-images/fit-in/360x360/Products/09122025_1765276371104_1765276374127_8718452982868_1.png",
      "source_url": "https://www.jumbo.com/aanbiedingen/jumbos-versgeperste-sappen-of-smoothies/3012547"
    },
    {
      "id": "729331FLS",
      "name": "Jumbo's Creamy Passion Paradise Smoothie 250 ml",
      "brand": "Jumbo's",
      "category": "Aardappelen, groente en fruit",
      "unit_size": "250 ml",
      "offer_price": 2.79,
      "normal_price": 2.79,
      "price_per_unit": 11.16,
      "price_unit": "l",
      "discount_tag": "1+1 gratis",
      "promo_title": "Jumbo's versgeperste sappen of smoothies",
      "validity": "wo 17 t/m wo 31 dec",
      "image_url": "https://www.jumbo.com/dam-images/fit-in/360x360/Products/12112025_1762957989766_1762957993050_8718452949120_1.png",
      "source_url": "https://www.jumbo.com/aanbiedingen/jumbos-versgeperste-sappen-of-smoothies/3012547"
    },
    {
      "id": "720440FLS",
      "name": "Jumbo's Creamy Berry Much Smoothie 250 ml",
      "brand": "Jumbo's",
      "category": "Frisdrank en sappen",
      "unit_size": "250 ml",
      "offer_price": 2.79,
      "normal_price": 2.79,
      "price_per_unit": 11.16,
      "price_unit": "l",
      "discount_tag": "1+1 gratis",
      "promo_title": "Jumbo's versgeperste sappen of smoothies",
      "validity": "wo 17 t/m wo 31 dec",
      "image_url": "https://www.jumbo.com/dam-images/fit-in/360x360/Products/12112025_1762950793760_1762950797043_8718452949168_1.png",
      "source_url": "https://www.jumbo.com/aanbiedingen/jumbos-versgeperste-sappen-of-smoothies/3012547"
    },
    {
      "id": "720435FLS",
      "name": "Jumbo's Fruity Tropical Chili Twist Kokoswater Sap 250 ml",
      "brand": "Jumbo's",
      "category": "Frisdrank en sappen",
      "unit_size": "250 ml",
      "offer_price": 2.79,
      "normal_price": 2.79,
      "price_per_unit": 11.16,
      "price_unit": "l",
      "discount_tag": "1+1 gratis",
      "promo_title": "Jumbo's versgeperste sappen of smoothies",
      "validity": "wo 17 t/m wo 31 dec",
      "image_url": "https://www.jumbo.com/dam-images/fit-in/360x360/Products/12112025_1762950793597_1762950796986_8718452949076_1.png",
      "source_url": "https://www.jumbo.com/aanbiedingen/jumbos-versgeperste-sappen-of-smoothies/3012547"
    },
    {
      "id": "729289FLS",
      "name": "Jumbo's Fruity Raspberry Rhapsody 250 ml",
      "brand": "Jumbo's",
      "category": "Aardappelen, groente en fruit",
      "unit_size": "250 ml",
      "offer_price": 2.79,
      "normal_price": 2.79,
      "price_per_unit": 11.16,
      "price_unit": "l",
      "discount_tag": "1+1 gratis",
      "promo_title": "Jumbo's versgeperste sappen of smoothies",
      "validity": "wo 17 t/m wo 31 dec",
      "image_url": "https://www.jumbo.com/dam-images/fit-in/360x360/Products/04122025_1764876791533_1764876795025_8718452949090_1.png",
      "source_url": "https://www.jumbo.com/aanbiedingen/jumbos-versgeperste-sappen-of-smoothies/3012547"
    },
    {
      "id": "720442FLS",
      "name": "Jumbo's Creamy Cacao Berry Smoothie 250 ml",
      "brand": "Jumbo's",
      "category": "Frisdrank en sappen",
      "unit_size": "250 ml",
      "offer_price": 2.79,
      "normal_price": 2.79,
      "price_per_unit": 11.16,
      "price_unit": "l",
      "discount_tag": "1+1 gratis",
      "promo_title": "Jumbo's versgeperste sappen of smoothies",
      "validity": "wo 17 t/m wo 31 dec",
      "image_url": "https://www.jumbo.com/dam-images/fit-in/360x360/Products/13112025_1763044385854_1763044389850_8718452949144_1.png",
      "source_url": "https://www.jumbo.com/aanbiedingen/jumbos-versgeperste-sappen-of-smoothies/3012547"
    },
    {
      "id": "720434FLS",
      "name": "Jumbo's Fruity Ruby Roots Royal Fruitsap 250 ml",
      "brand": "Jumbo's",
      "category": "Aardappelen, groente en fruit",
      "unit_size": "250 ml",
      "offer_price": 2.79,
      "normal_price": 2.79,
      "price_per_unit": 11.16,
      "price_unit": "l",
      "discount_tag": "1+1 gratis",
      "promo_title": "Jumbo's versgeperste sappen of smoothies",
      "validity": "wo 17 t/m wo 31 dec",
      "image_url": "https://www.jumbo.com/dam-images/fit-in/360x360/Products/12112025_1762950793527_1762950796784_8718452949069_1.png",
      "source_url": "https://www.jumbo.com/aanbiedingen/jumbos-versgeperste-sappen-of-smoothies/3012547"
    },
    {
      "id": "208629FLS",
      "name": "Trentham Estate - Chardonnay - 750 ML",
      "brand": "Trentham Estate",
      "category": "Bier en wijn",
      "unit_size": "750 ml",
      "offer_price": 8.99,
      "normal_price": 8.99,
      "price_per_unit": 11.99,
      "price_unit": "l",
      "discount_tag": "voor 6,99",
      "promo_title": "Trentham Estate",
      "validity": "wo 17 t/m vr 26 dec",
      "image_url": "https://www.jumbo.com/dam-images/fit-in/360x360/Products/208629_9316071970205_1_T1_208629FLS1691315085239.png",
      "source_url": "https://www.jumbo.com/aanbiedingen/trentham-estate/3012583"
    },
    {
      "id": "208312FLS",
      "name": "Trentham Estate - Pinot Grigio - 750 ML",
      "brand": "Trentham Estate",
      "category": "Bier en wijn",
      "unit_size": null,
      "offer_price": 8.99,
      "normal_price": 8.99,
      "price_per_unit": 11.99,
      "price_unit": "l",
      "discount_tag": "voor 6,99",
      "promo_title": "Trentham Estate",
      "validity": "wo 17 t/m vr 26 dec",
      "image_url": "https://www.jumbo.com/dam-images/fit-in/360x360/Products/18092023_1695041450160_1695041454343_9316071132009_1.png",
      "source_url": "https://www.jumbo.com/aanbiedingen/trentham-estate/3012583"
    },
    {
      "id": "208630FLS",
      "name": "Trentham Estate - Shiraz - 750 ML",
      "brand": "Trentham Estate",
      "category": "Bier en wijn",
      "unit_size": "750 ml",
      "offer_price": 8.69,
      "normal_price": 8.69,
      "price_per_unit": 11.59,
      "price_unit": "l",
      "discount_tag": "voor 6,99",
      "promo_title": "Trentham Estate",
      "validity": "wo 17 t/m vr 26 dec",
      "image_url": "https://www.jumbo.com/dam-images/fit-in/360x360/Products/208630_9316071961302_1_T1_208630FLS1691325270697.png",
      "source_url": "https://www.jumbo.com/aanbiedingen/trentham-estate/3012583"
    },
    {
      "id": "208313FLS",
      "name": "Trentham Estate - Pinot Noir - 750 ML",
      "brand": "Trentham Estate",
      "category": "Bier en wijn",
      "unit_size": "750 ml",
      "offer_price": 8.99,
      "normal_price": 8.99,
      "price_per_unit": 11.99,
      "price_unit": "l",
      "discount_tag": "voor 6,99",
      "promo_title": "Trentham Estate",
      "validity": "wo 17 t/m vr 26 dec",
      "image_url": "https://www.jumbo.com/dam-images/fit-in/360x360/Products/09082023_1691586653524_1691586656768_9316071961807_1.png",
      "source_url": "https://www.jumbo.com/aanbiedingen/trentham-estate/3012583"
    },
    {
      "id": "815721FLS",
      "name": "Offley Tawny Porto 750 ml",
      "brand": "OFFLEY",
      "category": "Bier en wijn",
      "unit_size": "750 ml",
      "offer_price": 8.99,
      "normal_price": 8.99,
      "price_per_unit": 11.99,
      "price_unit": "l",
      "discount_tag": "voor 6,99",
      "promo_title": "Offley Port",
      "validity": "wo 17 t/m vr 26 dec",
      "image_url": "https://www.jumbo.com/dam-images/fit-in/360x360/Products/20112025_1763659950584_1763659953872_5601034001503_1.png",
      "source_url": "https://www.jumbo.com/aanbiedingen/offley-port/3012562"
    },
    {
      "id": "525030FLS",
      "name": "Offley Ruby Porto 750 ml",
      "brand": "OFFLEY",
      "category": "Bier en wijn",
      "unit_size": "750 ml",
      "offer_price": 8.99,
      "normal_price": 8.99,
      "price_per_unit": 11.99,
      "price_unit": "l",
      "discount_tag": "voor 6,99",
      "promo_title": "Offley Port",
      "validity": "wo 17 t/m vr 26 dec",
      "image_url": "https://www.jumbo.com/dam-images/fit-in/360x360/Products/20112025_1763659950492_1763659954072_5601034000506_1.png",
      "source_url": "https://www.jumbo.com/aanbiedingen/offley-port/3012562"
    },
    {
      "id": "523127FLS",
      "name": "Offley White Porto 750 ml",
      "brand": "OFFLEY",
      "category": "Bier en wijn",
      "unit_size": "750 ml",
      "offer_price": 8.99,
      "normal_price": 8.99,
      "price_per_unit": 11.99,
      "price_unit": "l",
      "discount_tag": "voor 6,99",
      "promo_title": "Offley Port",
      "validity": "wo 17 t/m vr 26 dec",
      "image_url": "https://www.jumbo.com/dam-images/fit-in/360x360/Products/20112025_1763659950434_1763659954156_5601034002500_1.png",
      "source_url": "https://www.jumbo.com/aanbiedingen/offley-port/3012562"
    },
    {
      "id": "545682BUS",
      "name": "Gillette Classic Scheergel Originele Geur, 200ml",
      "brand": "Gillette",
      "category": "Drogisterij en baby",
      "unit_size": "200 Mililiters",
      "offer_price": 3.89,
      "normal_price": 3.89,
      "price_per_unit": 19.45,
      "price_unit": "l",
      "discount_tag": "Gratis bezorging",
      "promo_title": "Alle Gillette",
      "validity": "wo 17 t/m wo 31 dec",
      "image_url": "https://www.jumbo.com/dam-images/fit-in/360x360/Products/16102025_1760572930002_1760572932268_8001090787217_1.png",
      "source_url": "https://www.jumbo.com/aanbiedingen/alle-gillette/3012367"
    },
    {
      "id": "689670DS",
      "name": "Gillette Venus Pro Smooth Sensitive Mesjes Voor Vrouwen, Gevoelige Huid",
      "brand": "Gillette",
      "category": "Drogisterij en baby",
      "unit_size": null,
      "offer_price": 94.99,
      "normal_price": 94.99,
      "price_per_unit": 6.79,
      "price_unit": "pieces",
      "discount_tag": "Gratis bezorging",
      "promo_title": "Alle Gillette",
      "validity": "wo 17 t/m wo 31 dec",
      "image_url": "https://www.jumbo.com/dam-images/fit-in/360x360/Products/30092025_1759190542731_1759190551599_8700216618533_1.png",
      "source_url": "https://www.jumbo.com/aanbiedingen/alle-gillette/3012367"
    },
    {
      "id": "620461DS",
      "name": "__MISSING_PRODUCT__",
      "brand": "Gillette",
      "category": "Drogisterij en baby",
      "unit_size": null,
      "offer_price": 54.99,
      "normal_price": 54.99,
      "price_per_unit": 54.99,
      "price_unit": "pieces",
      "discount_tag": "Gratis bezorging",
      "promo_title": "Alle Gillette",
      "validity": "wo 17 t/m wo 31 dec",
      "image_url": "",
      "source_url": "https://www.jumbo.com/aanbiedingen/alle-gillette/3012367"
    },
    {
      "id": "545966BUS",
      "name": "Gillette Satin Care Scheergel, Aloë Vera, 200ml",
      "brand": "Gillette",
      "category": "Drogisterij en baby",
      "unit_size": "200 Mililiters",
      "offer_price": 5.19,
      "normal_price": 5.19,
      "price_per_unit": 25.95,
      "price_unit": "l",
      "discount_tag": "Gratis bezorging",
      "promo_title": "Alle Gillette",
      "validity": "wo 17 t/m wo 31 dec",
      "image_url": "https://www.jumbo.com/dam-images/fit-in/360x360/Products/01102025_1759276944675_1759276948848_8006540768808_1.png",
      "source_url": "https://www.jumbo.com/aanbiedingen/alle-gillette/3012367"
    },
    {
      "id": "588352DS",
      "name": "Gillette Venus Smooth Navulmesjes Voor Vrouwen X12",
      "brand": "Gillette",
      "category": "Drogisterij en baby",
      "unit_size": null,
      "offer_price": 39.99,
      "normal_price": 39.99,
      "price_per_unit": 3.33,
      "price_unit": "pieces",
      "discount_tag": "Gratis bezorging",
      "promo_title": "Alle Gillette",
      "validity": "wo 17 t/m wo 31 dec",
      "image_url": "https://www.jumbo.com/dam-images/fit-in/360x360/Products/15062024_1718416406251_1718416407541_588352_DS_07702018580026_C1N1.png",
      "source_url": "https://www.jumbo.com/aanbiedingen/alle-gillette/3012367"
    },
    {
      "id": "716818DS",
      "name": "GilletteLabs Met Exfoliërende Strip Scheermes voor Mannen",
      "brand": "Gillette",
      "category": "Drogisterij en baby",
      "unit_size": null,
      "offer_price": 29.99,
      "normal_price": 29.99,
      "price_per_unit": 29.99,
      "price_unit": "pieces",
      "discount_tag": "Gratis bezorging",
      "promo_title": "Alle Gillette",
      "validity": "wo 17 t/m wo 31 dec",
      "image_url": "https://www.jumbo.com/dam-images/fit-in/360x360/Products/08102025_1759923275843_1759923280140_8700216561105_1.png",
      "source_url": "https://www.jumbo.com/aanbiedingen/alle-gillette/3012367"
    },
    {
      "id": "608905DS",
      "name": "__MISSING_PRODUCT__",
      "brand": "Gillette",
      "category": "Drogisterij en baby",
      "unit_size": null,
      "offer_price": 62.71,
      "normal_price": 62.71,
      "price_per_unit": 62.71,
      "price_unit": "pieces",
      "discount_tag": "Gratis bezorging",
      "promo_title": "Alle Gillette",
      "validity": "wo 17 t/m wo 31 dec",
      "image_url": "",
      "source_url": "https://www.jumbo.com/aanbiedingen/alle-gillette/3012367"
    },
    {
      "id": "678235DS",
      "name": "Gillette Mach3 Base 20 Navulmesjes Voor Mannen",
      "brand": "Gillette",
      "category": "Drogisterij en baby",
      "unit_size": null,
      "offer_price": 83.12,
      "normal_price": 83.12,
      "price_per_unit": 4.16,
      "price_unit": "pieces",
      "discount_tag": "Gratis bezorging",
      "promo_title": "Alle Gillette",
      "validity": "wo 17 t/m wo 31 dec",
      "image_url": "https://www.jumbo.com/dam-images/fit-in/360x360/Products/16102025_1760572934000_1760572940662_8700216588041_1.png",
      "source_url": "https://www.jumbo.com/aanbiedingen/alle-gillette/3012367"
    },
    {
      "id": "588351DS",
      "name": "GilletteLabs With Exfoliating Bar Scheersysteem, 1 Handvat - 5 Navulmesje, Van Gillette",
      "brand": "Gillette",
      "category": "Drogisterij en baby",
      "unit_size": null,
      "offer_price": 54.99,
      "normal_price": 54.99,
      "price_per_unit": 54.99,
      "price_unit": "pieces",
      "discount_tag": "Gratis bezorging",
      "promo_title": "Alle Gillette",
      "validity": "wo 17 t/m wo 31 dec",
      "image_url": "https://www.jumbo.com/dam-images/fit-in/360x360/Products/20122024_1734665574173_1734665578324_7702018627578_1.png",
      "source_url": "https://www.jumbo.com/aanbiedingen/alle-gillette/3012367"
    },
    {
      "id": "546863DS",
      "name": "Gillette Sensor3 Comfort, Wegwerpscheermes X6",
      "brand": "Gillette",
      "category": "Drogisterij en baby",
      "unit_size": null,
      "offer_price": 9.89,
      "normal_price": 9.89,
      "price_per_unit": 1.65,
      "price_unit": "pieces",
      "discount_tag": "Gratis bezorging",
      "promo_title": "Alle Gillette",
      "validity": "wo 17 t/m wo 31 dec",
      "image_url": "https://www.jumbo.com/dam-images/fit-in/360x360/Products/27052025_1748331213463_1748331219356_8006540740637_1.png",
      "source_url": "https://www.jumbo.com/aanbiedingen/alle-gillette/3012367"
    },
    {
      "id": "545684BUS",
      "name": "Gillette Series Verzachtende Scheergel, 200ml",
      "brand": "Gillette",
      "category": "Drogisterij en baby",
      "unit_size": "200 Mililiters",
      "offer_price": 5.29,
      "normal_price": 5.29,
      "price_per_unit": 26.45,
      "price_unit": "l",
      "discount_tag": "Gratis bezorging",
      "promo_title": "Alle Gillette",
      "validity": "wo 17 t/m wo 31 dec",
      "image_url": "https://www.jumbo.com/dam-images/fit-in/360x360/Products/01102025_1759276941249_1759276943928_8006540765814_1.png",
      "source_url": "https://www.jumbo.com/aanbiedingen/alle-gillette/3012367"
    },
    {
      "id": "678234DS",
      "name": "Gillette Mach3 Base 5 Navulmesjes Voor Mannen",
      "brand": "Gillette",
      "category": "Drogisterij en baby",
      "unit_size": null,
      "offer_price": 20.99,
      "normal_price": 20.99,
      "price_per_unit": 4.2,
      "price_unit": "pieces",
      "discount_tag": "Gratis bezorging",
      "promo_title": "Alle Gillette",
      "validity": "wo 17 t/m wo 31 dec",
      "image_url": "https://www.jumbo.com/dam-images/fit-in/360x360/Products/06022025_1738870394372_1738870400018_8700216504454_1.png",
      "source_url": "https://www.jumbo.com/aanbiedingen/alle-gillette/3012367"
    },
    {
      "id": "620460DS",
      "name": "__MISSING_PRODUCT__",
      "brand": "Gillette",
      "category": "Drogisterij en baby",
      "unit_size": null,
      "offer_price": 14.35,
      "normal_price": 14.35,
      "price_per_unit": 14.35,
      "price_unit": "pieces",
      "discount_tag": "Gratis bezorging",
      "promo_title": "Alle Gillette",
      "validity": "wo 17 t/m wo 31 dec",
      "image_url": "",
      "source_url": "https://www.jumbo.com/aanbiedingen/alle-gillette/3012367"
    },
    {
      "id": "678233DS",
      "name": "Gillette Fusion5 16 Navulmesjes voor Mannen",
      "brand": "Gillette",
      "category": "Drogisterij en baby",
      "unit_size": null,
      "offer_price": 96.82,
      "normal_price": 96.82,
      "price_per_unit": 6.05,
      "price_unit": "pieces",
      "discount_tag": "Gratis bezorging",
      "promo_title": "Alle Gillette",
      "validity": "wo 17 t/m wo 31 dec",
      "image_url": "https://www.jumbo.com/dam-images/fit-in/360x360/Products/29092025_1759105995816_1759106001316_8001090819536_1.png",
      "source_url": "https://www.jumbo.com/aanbiedingen/alle-gillette/3012367"
    },
    {
      "id": "545680BUS",
      "name": "Gillette Classic Sensitive Scheergel, 200ml",
      "brand": "Gillette",
      "category": "Drogisterij en baby",
      "unit_size": "200 Mililiters",
      "offer_price": 3.55,
      "normal_price": 3.55,
      "price_per_unit": 17.75,
      "price_unit": "l",
      "discount_tag": "Gratis bezorging",
      "promo_title": "Alle Gillette",
      "validity": "wo 17 t/m wo 31 dec",
      "image_url": "https://www.jumbo.com/dam-images/fit-in/360x360/Products/08102025_1759923275155_1759923277569_7702018621255_1.png",
      "source_url": "https://www.jumbo.com/aanbiedingen/alle-gillette/3012367"
    },
    {
      "id": "620462DS",
      "name": "__MISSING_PRODUCT__",
      "brand": "Gillette",
      "category": "Drogisterij en baby",
      "unit_size": null,
      "offer_price": 43.47,
      "normal_price": 43.47,
      "price_per_unit": 43.47,
      "price_unit": "pieces",
      "discount_tag": "Gratis bezorging",
      "promo_title": "Alle Gillette",
      "validity": "wo 17 t/m wo 31 dec",
      "image_url": "",
      "source_url": "https://www.jumbo.com/aanbiedingen/alle-gillette/3012367"
    },
    {
      "id": "681206DS",
      "name": "Gillette Venus Smooth Sensitive Voor Vrouwen 1 Handvat + 2 Navulmesjes",
      "brand": "Gillette",
      "category": "Drogisterij en baby",
      "unit_size": null,
      "offer_price": 14.99,
      "normal_price": 14.99,
      "price_per_unit": 14.99,
      "price_unit": "pieces",
      "discount_tag": "Gratis bezorging",
      "promo_title": "Alle Gillette",
      "validity": "wo 17 t/m wo 31 dec",
      "image_url": "https://www.jumbo.com/dam-images/fit-in/360x360/Products/30092025_1759190541204_1759190546842_8700216487689_1.png",
      "source_url": "https://www.jumbo.com/aanbiedingen/alle-gillette/3012367"
    },
    {
      "id": "608904DS",
      "name": "__MISSING_PRODUCT__",
      "brand": "Gillette",
      "category": "Drogisterij en baby",
      "unit_size": null,
      "offer_price": 64.99,
      "normal_price": 64.99,
      "price_per_unit": 64.99,
      "price_unit": "pieces",
      "discount_tag": "Gratis bezorging",
      "promo_title": "Alle Gillette",
      "validity": "wo 17 t/m wo 31 dec",
      "image_url": "",
      "source_url": "https://www.jumbo.com/aanbiedingen/alle-gillette/3012367"
    },
    {
      "id": "681207DS",
      "name": "Gillette Venus Smooth Sensitive Voor Vrouwen, 4 Navulmesjes",
      "brand": "Gillette",
      "category": "Drogisterij en baby",
      "unit_size": null,
      "offer_price": 16.99,
      "normal_price": 16.99,
      "price_per_unit": 4.25,
      "price_unit": "pieces",
      "discount_tag": "Gratis bezorging",
      "promo_title": "Alle Gillette",
      "validity": "wo 17 t/m wo 31 dec",
      "image_url": "https://www.jumbo.com/dam-images/fit-in/360x360/Products/09122025_1765276370880_1765276375341_8700216495516_1.png",
      "source_url": "https://www.jumbo.com/aanbiedingen/alle-gillette/3012367"
    },
    {
      "id": "678236DS",
      "name": "Gillette Fusion5 Scheermes voor Mannen, 1 Handvat, 2 Navulmesjes",
      "brand": "Gillette",
      "category": "Drogisterij en baby",
      "unit_size": null,
      "offer_price": 18.49,
      "normal_price": 18.49,
      "price_per_unit": 18.49,
      "price_unit": "pieces",
      "discount_tag": "Gratis bezorging",
      "promo_title": "Alle Gillette",
      "validity": "wo 17 t/m wo 31 dec",
      "image_url": "https://www.jumbo.com/dam-images/fit-in/360x360/Products/29092025_1759105995953_1759106000762_8700216465786_1.png",
      "source_url": "https://www.jumbo.com/aanbiedingen/alle-gillette/3012367"
    },
    {
      "id": "678231DS",
      "name": "Gillette Fusion5 4 Navulmesjes voor Mannen",
      "brand": "Gillette",
      "category": "Drogisterij en baby",
      "unit_size": null,
      "offer_price": 24.49,
      "normal_price": 24.49,
      "price_per_unit": 6.12,
      "price_unit": "pieces",
      "discount_tag": "Gratis bezorging",
      "promo_title": "Alle Gillette",
      "validity": "wo 17 t/m wo 31 dec",
      "image_url": "https://www.jumbo.com/dam-images/fit-in/360x360/Products/20062025_1750382163380_1750382165712_678231_DS_08700216479622_C1N1.png",
      "source_url": "https://www.jumbo.com/aanbiedingen/alle-gillette/3012367"
    },
    {
      "id": "545765BUS",
      "name": "Gillette Fusion Scheergel Sensitive, 200ml",
      "brand": "Gillette",
      "category": "Drogisterij en baby",
      "unit_size": "200 Mililiters",
      "offer_price": 7.59,
      "normal_price": 7.59,
      "price_per_unit": 37.95,
      "price_unit": "l",
      "discount_tag": "Gratis bezorging",
      "promo_title": "Alle Gillette",
      "validity": "wo 17 t/m wo 31 dec",
      "image_url": "https://www.jumbo.com/dam-images/fit-in/360x360/Products/01102025_1759276944728_1759276950116_8006540765654_1.png",
      "source_url": "https://www.jumbo.com/aanbiedingen/alle-gillette/3012367"
    },
    {
      "id": "278405FLS",
      "name": "Montaignan - Grenache - Rosé 750ML",
      "brand": "Montaignan",
      "category": "Bier en wijn",
      "unit_size": "75 cl",
      "offer_price": 5.99,
      "normal_price": 5.99,
      "price_per_unit": 7.99,
      "price_unit": "l",
      "discount_tag": "2 voor 8,99",
      "promo_title": "Montaignan",
      "validity": "wo 17 t/m vr 26 dec",
      "image_url": "https://www.jumbo.com/dam-images/fit-in/360x360/Products/01122025_1764595992392_1764595995277_3700619342559_1.png",
      "source_url": "https://www.jumbo.com/aanbiedingen/montaignan/3012582"
    },
    {
      "id": "512894FLS",
      "name": "Montaignan - Merlot - 750ML",
      "brand": "Montaignan",
      "category": "Bier en wijn",
      "unit_size": "75 cl",
      "offer_price": 5.99,
      "normal_price": 5.99,
      "price_per_unit": 7.99,
      "price_unit": "l",
      "discount_tag": "2 voor 8,99",
      "promo_title": "Montaignan",
      "validity": "wo 17 t/m vr 26 dec",
      "image_url": "https://www.jumbo.com/dam-images/fit-in/360x360/Products/01122025_1764595992508_1764595995184_3700619324647_1.png",
      "source_url": "https://www.jumbo.com/aanbiedingen/montaignan/3012582"
    },
    {
      "id": "278406FLS",
      "name": "Montaignan - Syrah - 750ML",
      "brand": "Montaignan",
      "category": "Bier en wijn",
      "unit_size": "75 cl",
      "offer_price": 5.99,
      "normal_price": 5.99,
      "price_per_unit": 7.99,
      "price_unit": "l",
      "discount_tag": "2 voor 8,99",
      "promo_title": "Montaignan",
      "validity": "wo 17 t/m vr 26 dec",
      "image_url": "https://www.jumbo.com/dam-images/fit-in/360x360/Products/08122025_1765190073990_1765190077047_3700619302911_1.png",
      "source_url": "https://www.jumbo.com/aanbiedingen/montaignan/3012582"
    },
    {
      "id": "278404FLS",
      "name": "Montaignan - Chardonnay - 750ML",
      "brand": "Montaignan",
      "category": "Bier en wijn",
      "unit_size": "75 cl",
      "offer_price": 5.99,
      "normal_price": 5.99,
      "price_per_unit": 7.99,
      "price_unit": "l",
      "discount_tag": "2 voor 8,99",
      "promo_title": "Montaignan",
      "validity": "wo 17 t/m vr 26 dec",
      "image_url": "https://www.jumbo.com/dam-images/fit-in/360x360/Products/01122025_1764595992259_1764595995632_3700619302898_1.png",
      "source_url": "https://www.jumbo.com/aanbiedingen/montaignan/3012582"
    },
    {
      "id": "578304FLS",
      "name": "Montaignan - Sauvignon Blanc - 750ML",
      "brand": "Montaignan",
      "category": "Bier en wijn",
      "unit_size": "75 cl",
      "offer_price": 5.99,
      "normal_price": 5.99,
      "price_per_unit": 7.99,
      "price_unit": "l",
      "discount_tag": "2 voor 8,99",
      "promo_title": "Montaignan",
      "validity": "wo 17 t/m vr 26 dec",
      "image_url": "https://www.jumbo.com/dam-images/fit-in/360x360/Products/01122025_1764595992743_1764595995828_3700619347844_1.png",
      "source_url": "https://www.jumbo.com/aanbiedingen/montaignan/3012582"
    },
    {
      "id": "646528ZK",
      "name": "Jumbo's Medium Roast Brasil & Colombia Romig & Zacht 500 g",
      "brand": "Jumbo's",
      "category": "Koffie en thee",
      "unit_size": "500 g",
      "offer_price": 11.99,
      "normal_price": 11.99,
      "price_per_unit": 23.98,
      "price_unit": "kg",
      "discount_tag": "2e halve prijs",
      "promo_title": "Alle Koffiebonen",
      "validity": "wo 17 t/m vr 26 dec",
      "image_url": "https://www.jumbo.com/dam-images/fit-in/360x360/Products/12122024_1734003202541_1734003211485_8718452850136_1.png",
      "source_url": "https://www.jumbo.com/aanbiedingen/alle-koffiebonen/3012544"
    },
    {
      "id": "706829ZK",
      "name": "Bialetti Espresso Grani Intenso 500g",
      "brand": "Bialetti",
      "category": "Koffie en thee",
      "unit_size": null,
      "offer_price": 13.29,
      "normal_price": 13.29,
      "price_per_unit": 26.58,
      "price_unit": "kg",
      "discount_tag": "2e halve prijs",
      "promo_title": "Alle Koffiebonen",
      "validity": "wo 17 t/m vr 26 dec",
      "image_url": "https://www.jumbo.com/dam-images/fit-in/360x360/Products/26062025_1750941240289_1750941244534_706829_ZK_08006363038683_C1N1.png",
      "source_url": "https://www.jumbo.com/aanbiedingen/alle-koffiebonen/3012544"
    },
    {
      "id": "385481ZK",
      "name": "Starbucks Holiday Blend Medium Roast Koffiebonen Limited Edition 190g",
      "brand": "Starbucks",
      "category": "Koffie en thee",
      "unit_size": "190 g",
      "offer_price": 5.69,
      "normal_price": 5.69,
      "price_per_unit": 29.95,
      "price_unit": "kg",
      "discount_tag": "2e halve prijs",
      "promo_title": "Alle Koffiebonen",
      "validity": "wo 17 t/m vr 26 dec",
      "image_url": "https://www.jumbo.com/dam-images/fit-in/360x360/Products/17082024_1723861649516_1723861659925_385481_ZK_07613039399828_H1N1_s01.png",
      "source_url": "https://www.jumbo.com/aanbiedingen/alle-koffiebonen/3012544"
    },
    {
      "id": "615483ZK",
      "name": "Eduscho Caffe Crema Mild Bohnen 1KG",
      "brand": "Eduscho",
      "category": "Koffie en thee",
      "unit_size": null,
      "offer_price": 15.49,
      "normal_price": 15.49,
      "price_per_unit": 15.49,
      "price_unit": "kg",
      "discount_tag": "2e halve prijs",
      "promo_title": "Alle Koffiebonen",
      "validity": "wo 17 t/m vr 26 dec",
      "image_url": "",
      "source_url": "https://www.jumbo.com/aanbiedingen/alle-koffiebonen/3012544"
    },
    {
      "id": "615486ZK",
      "name": "Movenpick Cafe Crema Bohnen 1KG",
      "brand": "Movenpick",
      "category": "Koffie en thee",
      "unit_size": null,
      "offer_price": 15.89,
      "normal_price": 15.89,
      "price_per_unit": 15.89,
      "price_unit": "kg",
      "discount_tag": "2e halve prijs",
      "promo_title": "Alle Koffiebonen",
      "validity": "wo 17 t/m vr 26 dec",
      "image_url": "",
      "source_url": "https://www.jumbo.com/aanbiedingen/alle-koffiebonen/3012544"
    },
    {
      "id": "130141PAK",
      "name": "Café Intención Crema Aromatico 500 g bonen",
      "brand": "cafe intencion",
      "category": "Koffie en thee",
      "unit_size": "500 g",
      "offer_price": 12.99,
      "normal_price": 12.99,
      "price_per_unit": 25.98,
      "price_unit": "kg",
      "discount_tag": "2e halve prijs",
      "promo_title": "Alle Koffiebonen",
      "validity": "wo 17 t/m vr 26 dec",
      "image_url": "https://www.jumbo.com/dam-images/fit-in/360x360/Products/23042024_1713879192571_1713879199273_4006581020761_1.png",
      "source_url": "https://www.jumbo.com/aanbiedingen/alle-koffiebonen/3012544"
    },
    {
      "id": "711244ZK",
      "name": "Jumbo's Intenso Koffiebonen 500 g",
      "brand": "Jumbo's",
      "category": "Koffie en thee",
      "unit_size": "500 g",
      "offer_price": 10.99,
      "normal_price": 10.99,
      "price_per_unit": 21.98,
      "price_unit": "kg",
      "discount_tag": "2e halve prijs",
      "promo_title": "Alle Koffiebonen",
      "validity": "wo 17 t/m vr 26 dec",
      "image_url": "https://www.jumbo.com/dam-images/fit-in/360x360/Products/03102025_1759480551741_1759480560323_8718452928002_596.png",
      "source_url": "https://www.jumbo.com/aanbiedingen/alle-koffiebonen/3012544"
    },
    {
      "id": "705760ZK",
      "name": "Lavazza Tierra Premium Blend Bio Bonen 500g",
      "brand": "Lavazza",
      "category": "Koffie en thee",
      "unit_size": null,
      "offer_price": 15.99,
      "normal_price": 15.99,
      "price_per_unit": 31.98,
      "price_unit": "kg",
      "discount_tag": "2e halve prijs",
      "promo_title": "Alle Koffiebonen",
      "validity": "wo 17 t/m vr 26 dec",
      "image_url": "https://www.jumbo.com/dam-images/fit-in/360x360/Products/19062025_1750325074090_1750325077692_705760_ZK_08000070021631_C1N1.png",
      "source_url": "https://www.jumbo.com/aanbiedingen/alle-koffiebonen/3012544"
    },
    {
      "id": "637316ZK",
      "name": "Jumbo's Beste Koffiebonen Aroma 1 kg",
      "brand": "Jumbo's",
      "category": "Koffie en thee",
      "unit_size": "1 kg",
      "offer_price": 14.99,
      "normal_price": 14.99,
      "price_per_unit": 14.99,
      "price_unit": "kg",
      "discount_tag": "2e halve prijs",
      "promo_title": "Alle Koffiebonen",
      "validity": "wo 17 t/m vr 26 dec",
      "image_url": "https://www.jumbo.com/dam-images/fit-in/360x360/Products/26092024_1727353960004_1727353964477_8718452848904_1.png",
      "source_url": "https://www.jumbo.com/aanbiedingen/alle-koffiebonen/3012544"
    },
    {
      "id": "509467ZK",
      "name": "Smit & Dorlas Koffiebonen Mild Roast 500 g",
      "brand": "Smit & Dorlas",
      "category": "Koffie en thee",
      "unit_size": "500 g",
      "offer_price": 9.99,
      "normal_price": 9.99,
      "price_per_unit": 19.98,
      "price_unit": "kg",
      "discount_tag": "2e halve prijs",
      "promo_title": "Alle Koffiebonen",
      "validity": "wo 17 t/m vr 26 dec",
      "image_url": "https://www.jumbo.com/dam-images/fit-in/360x360/Products/17012024_1705458656182_1705458665766_509467_ZK_08710435138187_C1N1.png",
      "source_url": "https://www.jumbo.com/aanbiedingen/alle-koffiebonen/3012544"
    },
    {
      "id": "711243ZK",
      "name": "Jumbo's Dolce Koffiebonen 500 g",
      "brand": "Jumbo's",
      "category": "Koffie en thee",
      "unit_size": "500 g",
      "offer_price": 10.99,
      "normal_price": 10.99,
      "price_per_unit": 21.98,
      "price_unit": "kg",
      "discount_tag": "2e halve prijs",
      "promo_title": "Alle Koffiebonen",
      "validity": "wo 17 t/m vr 26 dec",
      "image_url": "https://www.jumbo.com/dam-images/fit-in/360x360/Products/03102025_1759480551609_1759480564386_8718452928026_596.png",
      "source_url": "https://www.jumbo.com/aanbiedingen/alle-koffiebonen/3012544"
    },
    {
      "id": "525655PAK",
      "name": "DALL ENTCOFFEINIERT",
      "brand": "Dallmayr",
      "category": "Koffie en thee",
      "unit_size": null,
      "offer_price": 7.99,
      "normal_price": 7.99,
      "price_per_unit": 15.98,
      "price_unit": "kg",
      "discount_tag": "2e halve prijs",
      "promo_title": "Alle Koffiebonen",
      "validity": "wo 17 t/m vr 26 dec",
      "image_url": "",
      "source_url": "https://www.jumbo.com/aanbiedingen/alle-koffiebonen/3012544"
    },
    {
      "id": "225489ZK",
      "name": "__MISSING_PRODUCT__",
      "brand": "Cornelissen Coffeeroasters",
      "category": "Koffie en thee",
      "unit_size": null,
      "offer_price": 5.99,
      "normal_price": 5.99,
      "price_per_unit": 17.11,
      "price_unit": "kg",
      "discount_tag": "2e halve prijs",
      "promo_title": "Alle Koffiebonen",
      "validity": "wo 17 t/m vr 26 dec",
      "image_url": "",
      "source_url": "https://www.jumbo.com/aanbiedingen/alle-koffiebonen/3012544"
    },
    {
      "id": "539448ZK",
      "name": "Lavazza Espresso Barista Intenso koffiebonen 500g",
      "brand": "Lavazza",
      "category": "Koffie en thee",
      "unit_size": null,
      "offer_price": 15.79,
      "normal_price": 15.79,
      "price_per_unit": 31.58,
      "price_unit": "kg",
      "discount_tag": "2e halve prijs",
      "promo_title": "Alle Koffiebonen",
      "validity": "wo 17 t/m vr 26 dec",
      "image_url": "https://www.jumbo.com/dam-images/fit-in/360x360/Products/30102024_1730260947219_1730260949855_539448_ZK_08000070050983_C1N1.png",
      "source_url": "https://www.jumbo.com/aanbiedingen/alle-koffiebonen/3012544"
    },
    {
      "id": "206225ZK",
      "name": "__MISSING_PRODUCT__",
      "brand": "Cornelissen Coffeeroasters",
      "category": "Koffie en thee",
      "unit_size": null,
      "offer_price": 15.99,
      "normal_price": 15.99,
      "price_per_unit": 15.99,
      "price_unit": "kg",
      "discount_tag": "2e halve prijs",
      "promo_title": "Alle Koffiebonen",
      "validity": "wo 17 t/m vr 26 dec",
      "image_url": "",
      "source_url": "https://www.jumbo.com/aanbiedingen/alle-koffiebonen/3012544"
    },
    {
      "id": "705758ZK",
      "name": "Lavazza Tales of Milano Bonen 250g",
      "brand": "Lavazza",
      "category": "Koffie en thee",
      "unit_size": null,
      "offer_price": 8.19,
      "normal_price": 8.19,
      "price_per_unit": 32.76,
      "price_unit": "kg",
      "discount_tag": "2e halve prijs",
      "promo_title": "Alle Koffiebonen",
      "validity": "wo 17 t/m vr 26 dec",
      "image_url": "https://www.jumbo.com/dam-images/fit-in/360x360/Products/19062025_1750325053828_1750325062909_705758_ZK_08000070072541_C1N1.png",
      "source_url": "https://www.jumbo.com/aanbiedingen/alle-koffiebonen/3012544"
    },
    {
      "id": "225486ZK",
      "name": "__MISSING_PRODUCT__",
      "brand": "Cornelissen Coffeeroasters",
      "category": "Koffie en thee",
      "unit_size": null,
      "offer_price": 5.99,
      "normal_price": 5.99,
      "price_per_unit": 17.11,
      "price_unit": "kg",
      "discount_tag": "2e halve prijs",
      "promo_title": "Alle Koffiebonen",
      "validity": "wo 17 t/m vr 26 dec",
      "image_url": "",
      "source_url": "https://www.jumbo.com/aanbiedingen/alle-koffiebonen/3012544"
    },
    {
      "id": "615476ZK",
      "name": "Melitta Barista Crema Bohnen",
      "brand": "Melitta",
      "category": "Koffie en thee",
      "unit_size": null,
      "offer_price": 13.99,
      "normal_price": 13.99,
      "price_per_unit": 13.99,
      "price_unit": "kg",
      "discount_tag": "2e halve prijs",
      "promo_title": "Alle Koffiebonen",
      "validity": "wo 17 t/m vr 26 dec",
      "image_url": "",
      "source_url": "https://www.jumbo.com/aanbiedingen/alle-koffiebonen/3012544"
    },
    {
      "id": "615479PAK",
      "name": "Tchibo Feine Milde Actiepak Vak. 1KG",
      "brand": "Tchibo",
      "category": "Koffie en thee",
      "unit_size": null,
      "offer_price": 16.49,
      "normal_price": 16.49,
      "price_per_unit": 16.49,
      "price_unit": "kg",
      "discount_tag": "2e halve prijs",
      "promo_title": "Alle Koffiebonen",
      "validity": "wo 17 t/m vr 26 dec",
      "image_url": "",
      "source_url": "https://www.jumbo.com/aanbiedingen/alle-koffiebonen/3012544"
    },
    {
      "id": "225546STK",
      "name": "illy Intenso Bold Roast Coffee Beans 250 g",
      "brand": "Illy",
      "category": "Koffie en thee",
      "unit_size": null,
      "offer_price": 8.49,
      "normal_price": 8.49,
      "price_per_unit": 33.96,
      "price_unit": "kg",
      "discount_tag": "2e halve prijs",
      "promo_title": "Alle Koffiebonen",
      "validity": "wo 17 t/m vr 26 dec",
      "image_url": "https://www.jumbo.com/dam-images/fit-in/360x360/Products/24102024_1729739388991_1729739391838_225546_STK_08003753918198_C1N1.png",
      "source_url": "https://www.jumbo.com/aanbiedingen/alle-koffiebonen/3012544"
    },
    {
      "id": "194411PAK",
      "name": "TCHIBO FEINE MILDE",
      "brand": "Tchibo",
      "category": "Koffie en thee",
      "unit_size": null,
      "offer_price": 8.39,
      "normal_price": 8.39,
      "price_per_unit": 16.78,
      "price_unit": "kg",
      "discount_tag": "2e halve prijs",
      "promo_title": "Alle Koffiebonen",
      "validity": "wo 17 t/m vr 26 dec",
      "image_url": "",
      "source_url": "https://www.jumbo.com/aanbiedingen/alle-koffiebonen/3012544"
    },
    {
      "id": "615570ZK",
      "name": "Crema e Gusto Classico koffiebonen 1kg",
      "brand": "Lavazza",
      "category": "Koffie en thee",
      "unit_size": null,
      "offer_price": 21.39,
      "normal_price": 21.39,
      "price_per_unit": 21.39,
      "price_unit": "kg",
      "discount_tag": "2e halve prijs",
      "promo_title": "Alle Koffiebonen",
      "validity": "wo 17 t/m vr 26 dec",
      "image_url": "https://www.jumbo.com/dam-images/fit-in/360x360/Products/26112025_1764122863499_1764122874830_615570_ZK_08000070051003_C1N1.png",
      "source_url": "https://www.jumbo.com/aanbiedingen/alle-koffiebonen/3012544"
    },
    {
      "id": "706826ZK",
      "name": "Smit & Dorlas Intense Roast bonen 500g",
      "brand": "Smit & Dorlas",
      "category": "Koffie en thee",
      "unit_size": null,
      "offer_price": 11.29,
      "normal_price": 11.29,
      "price_per_unit": 22.58,
      "price_unit": "kg",
      "discount_tag": "2e halve prijs",
      "promo_title": "Alle Koffiebonen",
      "validity": "wo 17 t/m vr 26 dec",
      "image_url": "https://www.jumbo.com/dam-images/fit-in/360x360/Products/06082025_1754442763118_1754442767895_706826_ZK_08710435138781_C1N1.png",
      "source_url": "https://www.jumbo.com/aanbiedingen/alle-koffiebonen/3012544"
    },
    {
      "id": "706832ZK",
      "name": "Smit & Dorlas Dark Roast Koffiebonen 500 g",
      "brand": "Smit & Dorlas",
      "category": "Koffie en thee",
      "unit_size": null,
      "offer_price": 11.29,
      "normal_price": 11.29,
      "price_per_unit": 22.58,
      "price_unit": "kg",
      "discount_tag": "2e halve prijs",
      "promo_title": "Alle Koffiebonen",
      "validity": "wo 17 t/m vr 26 dec",
      "image_url": "https://www.jumbo.com/dam-images/fit-in/360x360/Products/06082025_1754442878203_1754442882774_706832_ZK_08710435138774_C1N1.png",
      "source_url": "https://www.jumbo.com/aanbiedingen/alle-koffiebonen/3012544"
    },
    {
      "id": "66421PAK",
      "name": "Lavazza Qualità Oro koffiebonen 500 g",
      "brand": "Lavazza",
      "category": "Koffie en thee",
      "unit_size": null,
      "offer_price": 15.99,
      "normal_price": 15.99,
      "price_per_unit": 31.98,
      "price_unit": "kg",
      "discount_tag": "2e halve prijs",
      "promo_title": "Alle Koffiebonen",
      "validity": "wo 17 t/m vr 26 dec",
      "image_url": "https://www.jumbo.com/dam-images/fit-in/360x360/Products/26112025_1764125977417_1764125988125_66421_PAK_08000070019362_C1N1.png",
      "source_url": "https://www.jumbo.com/aanbiedingen/alle-koffiebonen/3012544"
    },
    {
      "id": "434139ZK",
      "name": "Lavazza Espresso Barista Perfetto koffiebonen 500 g",
      "brand": "Lavazza",
      "category": "Koffie en thee",
      "unit_size": null,
      "offer_price": 15.79,
      "normal_price": 15.79,
      "price_per_unit": 31.58,
      "price_unit": "kg",
      "discount_tag": "2e halve prijs",
      "promo_title": "Alle Koffiebonen",
      "validity": "wo 17 t/m vr 26 dec",
      "image_url": "https://www.jumbo.com/dam-images/fit-in/360x360/Products/26112025_1764130257093_1764130267101_434139_ZK_08000070046443_C1N1.png",
      "source_url": "https://www.jumbo.com/aanbiedingen/alle-koffiebonen/3012544"
    },
    {
      "id": "525653PAK",
      "name": "DALLMAYR PRODOMO BONEN",
      "brand": "Dallmayr",
      "category": "Koffie en thee",
      "unit_size": null,
      "offer_price": 7.99,
      "normal_price": 7.99,
      "price_per_unit": 15.98,
      "price_unit": "kg",
      "discount_tag": "2e halve prijs",
      "promo_title": "Alle Koffiebonen",
      "validity": "wo 17 t/m vr 26 dec",
      "image_url": "",
      "source_url": "https://www.jumbo.com/aanbiedingen/alle-koffiebonen/3012544"
    },
    {
      "id": "646531ZK",
      "name": "Jumbo's Light Roast Colombia Fruitig & Funky 500 g",
      "brand": "Jumbo's",
      "category": "Koffie en thee",
      "unit_size": "500 g",
      "offer_price": 12.99,
      "normal_price": 12.99,
      "price_per_unit": 25.98,
      "price_unit": "kg",
      "discount_tag": "2e halve prijs",
      "promo_title": "Alle Koffiebonen",
      "validity": "wo 17 t/m vr 26 dec",
      "image_url": "https://www.jumbo.com/dam-images/fit-in/360x360/Products/12122024_1734003202705_1734003210253_8718452850198_1.png",
      "source_url": "https://www.jumbo.com/aanbiedingen/alle-koffiebonen/3012544"
    },
    {
      "id": "140079PAK",
      "name": "Segafredo Zanetti Intermezzo Koffiebonen 1000 g",
      "brand": "Segafredo",
      "category": "Koffie en thee",
      "unit_size": "1000 g",
      "offer_price": 18.99,
      "normal_price": 18.99,
      "price_per_unit": 18.99,
      "price_unit": "kg",
      "discount_tag": "2e halve prijs",
      "promo_title": "Alle Koffiebonen",
      "validity": "wo 17 t/m vr 26 dec",
      "image_url": "https://www.jumbo.com/dam-images/fit-in/360x360/Products/12122024_1734014780658_1734014783872_8003410311171_1.png",
      "source_url": "https://www.jumbo.com/aanbiedingen/alle-koffiebonen/3012544"
    },
    {
      "id": "624763ZK",
      "name": "Wayang Premium Coffee Beans Indonesia 500 g",
      "brand": "Wayang Coffee",
      "category": "Koffie en thee",
      "unit_size": "500 G",
      "offer_price": 11.99,
      "normal_price": 11.99,
      "price_per_unit": 23.98,
      "price_unit": "kg",
      "discount_tag": "2e halve prijs",
      "promo_title": "Alle Koffiebonen",
      "validity": "wo 17 t/m vr 26 dec",
      "image_url": "https://www.jumbo.com/dam-images/fit-in/360x360/Products/10012025_1736519627494_1736519631100_8720938527043_1.png",
      "source_url": "https://www.jumbo.com/aanbiedingen/alle-koffiebonen/3012544"
    },
    {
      "id": "624749ZK",
      "name": "Wayang Premium Coffee Beans Indonesia 500 g",
      "brand": "Wayang Coffee",
      "category": "Koffie en thee",
      "unit_size": "500 G",
      "offer_price": 11.79,
      "normal_price": 11.79,
      "price_per_unit": 23.58,
      "price_unit": "kg",
      "discount_tag": "2e halve prijs",
      "promo_title": "Alle Koffiebonen",
      "validity": "wo 17 t/m vr 26 dec",
      "image_url": "https://www.jumbo.com/dam-images/fit-in/360x360/Products/14062024_1718350405463_1718350408906_8720938527005_1.png",
      "source_url": "https://www.jumbo.com/aanbiedingen/alle-koffiebonen/3012544"
    },
    {
      "id": "615482ZK",
      "name": "Eduscho Espresso Intenso Bohnen 1KG",
      "brand": "Eduscho",
      "category": "Koffie en thee",
      "unit_size": null,
      "offer_price": 15.49,
      "normal_price": 15.49,
      "price_per_unit": 15.49,
      "price_unit": "kg",
      "discount_tag": "2e halve prijs",
      "promo_title": "Alle Koffiebonen",
      "validity": "wo 17 t/m vr 26 dec",
      "image_url": "",
      "source_url": "https://www.jumbo.com/aanbiedingen/alle-koffiebonen/3012544"
    },
    {
      "id": "225485ZK",
      "name": "__MISSING_PRODUCT__",
      "brand": "Cornelissen Coffeeroasters",
      "category": "Koffie en thee",
      "unit_size": null,
      "offer_price": 5.99,
      "normal_price": 5.99,
      "price_per_unit": 17.11,
      "price_unit": "kg",
      "discount_tag": "2e halve prijs",
      "promo_title": "Alle Koffiebonen",
      "validity": "wo 17 t/m vr 26 dec",
      "image_url": "",
      "source_url": "https://www.jumbo.com/aanbiedingen/alle-koffiebonen/3012544"
    },
    {
      "id": "624747ZK",
      "name": "Fairtrade Original Intense Roast Bonen 500g",
      "brand": "Fair trade",
      "category": "Koffie en thee",
      "unit_size": null,
      "offer_price": 11.49,
      "normal_price": 11.49,
      "price_per_unit": 22.98,
      "price_unit": "kg",
      "discount_tag": "2e halve prijs",
      "promo_title": "Alle Koffiebonen",
      "validity": "wo 17 t/m vr 26 dec",
      "image_url": "https://www.jumbo.com/dam-images/fit-in/360x360/Products/13082024_1723517896712_1723517900229_624747_ZK_08711741360118_C1N1.png",
      "source_url": "https://www.jumbo.com/aanbiedingen/alle-koffiebonen/3012544"
    },
    {
      "id": "591783ZK",
      "name": "Lavazza Espresso Cremoso Coffee Beans 1000 g Zak",
      "brand": "Lavazza",
      "category": "Koffie en thee",
      "unit_size": null,
      "offer_price": 24.99,
      "normal_price": 24.99,
      "price_per_unit": 24.99,
      "price_unit": "kg",
      "discount_tag": "2e halve prijs",
      "promo_title": "Alle Koffiebonen",
      "validity": "wo 17 t/m vr 26 dec",
      "image_url": "https://www.jumbo.com/dam-images/fit-in/360x360/Products/26112025_1764138205909_1764138216836_591783_ZK_08000070027336_C1N1.png",
      "source_url": "https://www.jumbo.com/aanbiedingen/alle-koffiebonen/3012544"
    },
    {
      "id": "623761ZK",
      "name": "Fairtrade Original Espresso Bonen 500g Zak",
      "brand": "Fair trade",
      "category": "Koffie en thee",
      "unit_size": null,
      "offer_price": 11.99,
      "normal_price": 11.99,
      "price_per_unit": 23.98,
      "price_unit": "kg",
      "discount_tag": "2e halve prijs",
      "promo_title": "Alle Koffiebonen",
      "validity": "wo 17 t/m vr 26 dec",
      "image_url": "https://www.jumbo.com/dam-images/fit-in/360x360/Products/13082024_1723515205082_1723515208161_623761_ZK_08711741360071_C1N1.png",
      "source_url": "https://www.jumbo.com/aanbiedingen/alle-koffiebonen/3012544"
    },
    {
      "id": "155960ZK",
      "name": "Lavazza Crema e Gusto koffiebonen 1 kg",
      "brand": "Lavazza",
      "category": "Koffie en thee",
      "unit_size": null,
      "offer_price": 21.39,
      "normal_price": 21.39,
      "price_per_unit": 21.39,
      "price_unit": "kg",
      "discount_tag": "2e halve prijs",
      "promo_title": "Alle Koffiebonen",
      "validity": "wo 17 t/m vr 26 dec",
      "image_url": "https://www.jumbo.com/dam-images/fit-in/360x360/Products/26112025_1764138484306_1764138495286_155960_ZK_08000070038271_C1N1.png",
      "source_url": "https://www.jumbo.com/aanbiedingen/alle-koffiebonen/3012544"
    },
    {
      "id": "140077PAK",
      "name": "Segafredo Zanetti Selezione Crema Koffiebonen 500 g",
      "brand": "Segafredo",
      "category": "Koffie en thee",
      "unit_size": "500 g",
      "offer_price": 10.99,
      "normal_price": 10.99,
      "price_per_unit": 21.98,
      "price_unit": "kg",
      "discount_tag": "2e halve prijs",
      "promo_title": "Alle Koffiebonen",
      "validity": "wo 17 t/m vr 26 dec",
      "image_url": "https://www.jumbo.com/dam-images/fit-in/360x360/Products/05102023_1696498562360_1696498569062_9001810011645_1.png",
      "source_url": "https://www.jumbo.com/aanbiedingen/alle-koffiebonen/3012544"
    },
    {
      "id": "706827ZK",
      "name": "Smit & Dorlas Classic Roast Koffiebonen 500 g",
      "brand": "Smit & Dorlas",
      "category": "Koffie en thee",
      "unit_size": null,
      "offer_price": 11.29,
      "normal_price": 11.29,
      "price_per_unit": 22.58,
      "price_unit": "kg",
      "discount_tag": "2e halve prijs",
      "promo_title": "Alle Koffiebonen",
      "validity": "wo 17 t/m vr 26 dec",
      "image_url": "https://www.jumbo.com/dam-images/fit-in/360x360/Products/06082025_1754443004185_1754443008744_706827_ZK_08710435138767_C1N1.png",
      "source_url": "https://www.jumbo.com/aanbiedingen/alle-koffiebonen/3012544"
    },
    {
      "id": "194410PAK",
      "name": "MELITTA BELLA CREMA",
      "brand": "Melitta",
      "category": "Koffie en thee",
      "unit_size": null,
      "offer_price": 14.39,
      "normal_price": 14.39,
      "price_per_unit": 14.39,
      "price_unit": "kg",
      "discount_tag": "2e halve prijs",
      "promo_title": "Alle Koffiebonen",
      "validity": "wo 17 t/m vr 26 dec",
      "image_url": "",
      "source_url": "https://www.jumbo.com/aanbiedingen/alle-koffiebonen/3012544"
    },
    {
      "id": "711238ZK",
      "name": "Jumbo's Holiday Blend Koffiebonen 500 g",
      "brand": "Jumbo's",
      "category": "Koffie en thee",
      "unit_size": "500 g",
      "offer_price": 10.99,
      "normal_price": 10.99,
      "price_per_unit": 21.98,
      "price_unit": "kg",
      "discount_tag": "2e halve prijs",
      "promo_title": "Alle Koffiebonen",
      "validity": "wo 17 t/m vr 26 dec",
      "image_url": "https://www.jumbo.com/dam-images/fit-in/360x360/Products/03102025_1759480551933_1759480561077_8718452928040_596.png",
      "source_url": "https://www.jumbo.com/aanbiedingen/alle-koffiebonen/3012544"
    },
    {
      "id": "206229ZK",
      "name": "__MISSING_PRODUCT__",
      "brand": "Cornelissen Coffeeroasters",
      "category": "Koffie en thee",
      "unit_size": null,
      "offer_price": 15.99,
      "normal_price": 15.99,
      "price_per_unit": 15.99,
      "price_unit": "kg",
      "discount_tag": "2e halve prijs",
      "promo_title": "Alle Koffiebonen",
      "validity": "wo 17 t/m vr 26 dec",
      "image_url": "",
      "source_url": "https://www.jumbo.com/aanbiedingen/alle-koffiebonen/3012544"
    },
    {
      "id": "624762BLK",
      "name": "Illy Arabica Selection Gebrande Koffiebonen Brasile 250g",
      "brand": "Illy",
      "category": "Koffie en thee",
      "unit_size": null,
      "offer_price": 8.49,
      "normal_price": 8.49,
      "price_per_unit": 33.96,
      "price_unit": "kg",
      "discount_tag": "2e halve prijs",
      "promo_title": "Alle Koffiebonen",
      "validity": "wo 17 t/m vr 26 dec",
      "image_url": "https://www.jumbo.com/dam-images/fit-in/360x360/Products/19112025_1763564187114_1763564190528_624762_BLK_08003753214887_C1N1.png",
      "source_url": "https://www.jumbo.com/aanbiedingen/alle-koffiebonen/3012544"
    },
    {
      "id": "646525ZK",
      "name": "Jumbo's Dark Roast Brasil Zoetig & Rijk 1 kg",
      "brand": "Jumbo's",
      "category": "Koffie en thee",
      "unit_size": "1 kg",
      "offer_price": 21.99,
      "normal_price": 21.99,
      "price_per_unit": 21.99,
      "price_unit": "kg",
      "discount_tag": "2e halve prijs",
      "promo_title": "Alle Koffiebonen",
      "validity": "wo 17 t/m vr 26 dec",
      "image_url": "https://www.jumbo.com/dam-images/fit-in/360x360/Products/12122024_1734003202297_1734003207468_8718452850174_1.png",
      "source_url": "https://www.jumbo.com/aanbiedingen/alle-koffiebonen/3012544"
    },
    {
      "id": "684356ZK",
      "name": "Starbucks® Single-Origin Colombia Medium Roast Koffiebonen 450 g",
      "brand": "Starbucks",
      "category": "Koffie en thee",
      "unit_size": "450 g",
      "offer_price": 12.69,
      "normal_price": 12.69,
      "price_per_unit": 28.2,
      "price_unit": "kg",
      "discount_tag": "2e halve prijs",
      "promo_title": "Alle Koffiebonen",
      "validity": "wo 17 t/m vr 26 dec",
      "image_url": "https://www.jumbo.com/dam-images/fit-in/360x360/Products/27112025_1764209221585_1764209228553_684356_ZK_08445290183286_H1N1_s01.png",
      "source_url": "https://www.jumbo.com/aanbiedingen/alle-koffiebonen/3012544"
    },
    {
      "id": "422545ZK",
      "name": "Starbucks® Espresso Dark Roast koffiebonen 450 gram",
      "brand": "Starbucks",
      "category": "Koffie en thee",
      "unit_size": "450 g",
      "offer_price": 12.69,
      "normal_price": 12.69,
      "price_per_unit": 28.2,
      "price_unit": "kg",
      "discount_tag": "2e halve prijs",
      "promo_title": "Alle Koffiebonen",
      "validity": "wo 17 t/m vr 26 dec",
      "image_url": "https://www.jumbo.com/dam-images/fit-in/360x360/Products/07122025_1765072905621_1765072912275_422545_ZK_07613037204889_H1N1_s01.png",
      "source_url": "https://www.jumbo.com/aanbiedingen/alle-koffiebonen/3012544"
    },
    {
      "id": "646526ZK",
      "name": "Jumbo's Dark Roast Brasil Zoetig & Rijk 500 g",
      "brand": "Jumbo's",
      "category": "Koffie en thee",
      "unit_size": "500 g",
      "offer_price": 11.99,
      "normal_price": 11.99,
      "price_per_unit": 23.98,
      "price_unit": "kg",
      "discount_tag": "2e halve prijs",
      "promo_title": "Alle Koffiebonen",
      "validity": "wo 17 t/m vr 26 dec",
      "image_url": "https://www.jumbo.com/dam-images/fit-in/360x360/Products/12122024_1734003202462_1734003208819_8718452850181_1.png",
      "source_url": "https://www.jumbo.com/aanbiedingen/alle-koffiebonen/3012544"
    },
    {
      "id": "615484ZK",
      "name": "Movenpick Espresso Bohnen 1KG",
      "brand": "Movenpick",
      "category": "Koffie en thee",
      "unit_size": null,
      "offer_price": 15.89,
      "normal_price": 15.89,
      "price_per_unit": 15.89,
      "price_unit": "kg",
      "discount_tag": "2e halve prijs",
      "promo_title": "Alle Koffiebonen",
      "validity": "wo 17 t/m vr 26 dec",
      "image_url": "",
      "source_url": "https://www.jumbo.com/aanbiedingen/alle-koffiebonen/3012544"
    },
    {
      "id": "637273ZK",
      "name": "Jumbo's Beste Koffiebonen Crema 1 kg",
      "brand": "Jumbo's",
      "category": "Koffie en thee",
      "unit_size": "1 kg",
      "offer_price": 14.99,
      "normal_price": 14.99,
      "price_per_unit": 14.99,
      "price_unit": "kg",
      "discount_tag": "2e halve prijs",
      "promo_title": "Alle Koffiebonen",
      "validity": "wo 17 t/m vr 26 dec",
      "image_url": "https://www.jumbo.com/dam-images/fit-in/360x360/Products/26092024_1727353959429_1727353964028_8718452848935_1.png",
      "source_url": "https://www.jumbo.com/aanbiedingen/alle-koffiebonen/3012544"
    },
    {
      "id": "591782ZK",
      "name": "Lavazza Espresso Italiano Classico 1Kg koffiebonen",
      "brand": "Lavazza",
      "category": "Koffie en thee",
      "unit_size": null,
      "offer_price": 21.39,
      "normal_price": 21.39,
      "price_per_unit": 21.39,
      "price_unit": "kg",
      "discount_tag": "2e halve prijs",
      "promo_title": "Alle Koffiebonen",
      "validity": "wo 17 t/m vr 26 dec",
      "image_url": "https://www.jumbo.com/dam-images/fit-in/360x360/Products/26112025_1764138214399_1764138224278_591782_ZK_08000070018747_C1N1.png",
      "source_url": "https://www.jumbo.com/aanbiedingen/alle-koffiebonen/3012544"
    },
    {
      "id": "615477ZK",
      "name": "Melitta Barista Espresso Bohnen",
      "brand": "Melitta",
      "category": "Koffie en thee",
      "unit_size": null,
      "offer_price": 13.99,
      "normal_price": 13.99,
      "price_per_unit": 13.99,
      "price_unit": "kg",
      "discount_tag": "2e halve prijs",
      "promo_title": "Alle Koffiebonen",
      "validity": "wo 17 t/m vr 26 dec",
      "image_url": "",
      "source_url": "https://www.jumbo.com/aanbiedingen/alle-koffiebonen/3012544"
    },
    {
      "id": "637274ZK",
      "name": "Jumbo's Beste Koffiebonen Espresso 1 kg",
      "brand": "Jumbo's",
      "category": "Koffie en thee",
      "unit_size": "1 kg",
      "offer_price": 14.99,
      "normal_price": 14.99,
      "price_per_unit": 14.99,
      "price_unit": "kg",
      "discount_tag": "2e halve prijs",
      "promo_title": "Alle Koffiebonen",
      "validity": "wo 17 t/m vr 26 dec",
      "image_url": "https://www.jumbo.com/dam-images/fit-in/360x360/Products/26092024_1727361163458_1727361166958_8718452848942_1.png",
      "source_url": "https://www.jumbo.com/aanbiedingen/alle-koffiebonen/3012544"
    },
    {
      "id": "225488ZK",
      "name": "__MISSING_PRODUCT__",
      "brand": "Cornelissen Coffeeroasters",
      "category": "Koffie en thee",
      "unit_size": null,
      "offer_price": 5.99,
      "normal_price": 5.99,
      "price_per_unit": 17.11,
      "price_unit": "kg",
      "discount_tag": "2e halve prijs",
      "promo_title": "Alle Koffiebonen",
      "validity": "wo 17 t/m vr 26 dec",
      "image_url": "",
      "source_url": "https://www.jumbo.com/aanbiedingen/alle-koffiebonen/3012544"
    },
    {
      "id": "30834ZK",
      "name": "Segafredo Zanetti Intermezzo Koffiebonen 500 g",
      "brand": "Segafredo",
      "category": "Koffie en thee",
      "unit_size": null,
      "offer_price": 10.99,
      "normal_price": 10.99,
      "price_per_unit": 21.98,
      "price_unit": "kg",
      "discount_tag": "2e halve prijs",
      "promo_title": "Alle Koffiebonen",
      "validity": "wo 17 t/m vr 26 dec",
      "image_url": "https://www.jumbo.com/dam-images/fit-in/360x360/Products/28092023_1695919762457_1695919772650_8003410311140_1.png",
      "source_url": "https://www.jumbo.com/aanbiedingen/alle-koffiebonen/3012544"
    },
    {
      "id": "576366ZK",
      "name": "Lavazza Qualità Rossa koffiebonen 1kg",
      "brand": "Lavazza",
      "category": "Koffie en thee",
      "unit_size": null,
      "offer_price": 20.99,
      "normal_price": 20.99,
      "price_per_unit": 20.99,
      "price_unit": "kg",
      "discount_tag": "2e halve prijs",
      "promo_title": "Alle Koffiebonen",
      "validity": "wo 17 t/m vr 26 dec",
      "image_url": "https://www.jumbo.com/dam-images/fit-in/360x360/Products/26112025_1764128389081_1764128400400_576366_ZK_08000070035898_C1N1.png",
      "source_url": "https://www.jumbo.com/aanbiedingen/alle-koffiebonen/3012544"
    },
    {
      "id": "337922ZK",
      "name": "__MISSING_PRODUCT__",
      "brand": "Movenpick",
      "category": "Koffie en thee",
      "unit_size": null,
      "offer_price": 3.19,
      "normal_price": 3.19,
      "price_per_unit": 6.38,
      "price_unit": "kg",
      "discount_tag": "2e halve prijs",
      "promo_title": "Alle Koffiebonen",
      "validity": "wo 17 t/m vr 26 dec",
      "image_url": "",
      "source_url": "https://www.jumbo.com/aanbiedingen/alle-koffiebonen/3012544"
    },
    {
      "id": "705759ZK",
      "name": "Lavazza Tales of Roma Bonen 250g",
      "brand": "Lavazza",
      "category": "Koffie en thee",
      "unit_size": null,
      "offer_price": 8.19,
      "normal_price": 8.19,
      "price_per_unit": 32.76,
      "price_unit": "kg",
      "discount_tag": "2e halve prijs",
      "promo_title": "Alle Koffiebonen",
      "validity": "wo 17 t/m vr 26 dec",
      "image_url": "https://www.jumbo.com/dam-images/fit-in/360x360/Products/19062025_1750325063634_1750325072994_705759_ZK_08000070072558_C1N1.png",
      "source_url": "https://www.jumbo.com/aanbiedingen/alle-koffiebonen/3012544"
    },
    {
      "id": "206227ZK",
      "name": "__MISSING_PRODUCT__",
      "brand": "Cornelissen Coffeeroasters",
      "category": "Koffie en thee",
      "unit_size": null,
      "offer_price": 15.99,
      "normal_price": 15.99,
      "price_per_unit": 15.99,
      "price_unit": "kg",
      "discount_tag": "2e halve prijs",
      "promo_title": "Alle Koffiebonen",
      "validity": "wo 17 t/m vr 26 dec",
      "image_url": "",
      "source_url": "https://www.jumbo.com/aanbiedingen/alle-koffiebonen/3012544"
    },
    {
      "id": "520007ZK",
      "name": "MELITT BELLA SPECIAL",
      "brand": "Melitta",
      "category": "Koffie en thee",
      "unit_size": null,
      "offer_price": 13.99,
      "normal_price": 13.99,
      "price_per_unit": 13.99,
      "price_unit": "kg",
      "discount_tag": "2e halve prijs",
      "promo_title": "Alle Koffiebonen",
      "validity": "wo 17 t/m vr 26 dec",
      "image_url": "",
      "source_url": "https://www.jumbo.com/aanbiedingen/alle-koffiebonen/3012544"
    },
    {
      "id": "422543ZK",
      "name": "Starbucks® Blonde® Espresso Roast koffiebonen 450 gram",
      "brand": "Starbucks",
      "category": "Koffie en thee",
      "unit_size": "450 g",
      "offer_price": 12.69,
      "normal_price": 12.69,
      "price_per_unit": 28.2,
      "price_unit": "kg",
      "discount_tag": "2e halve prijs",
      "promo_title": "Alle Koffiebonen",
      "validity": "wo 17 t/m vr 26 dec",
      "image_url": "https://www.jumbo.com/dam-images/fit-in/360x360/Products/16102024_1729047228440_1729047238049_422543_ZK_07613037204797_H1N1_s01.png",
      "source_url": "https://www.jumbo.com/aanbiedingen/alle-koffiebonen/3012544"
    },
    {
      "id": "646530ZK",
      "name": "Jumbo's Medium Roast Rwanda Cacao & Roodfruit 500 g",
      "brand": "Jumbo's",
      "category": "Koffie en thee",
      "unit_size": "500 g",
      "offer_price": 11.99,
      "normal_price": 11.99,
      "price_per_unit": 23.98,
      "price_unit": "kg",
      "discount_tag": "2e halve prijs",
      "promo_title": "Alle Koffiebonen",
      "validity": "wo 17 t/m vr 26 dec",
      "image_url": "https://www.jumbo.com/dam-images/fit-in/360x360/Products/12122024_1734003202785_1734003209800_8718452850143_1.png",
      "source_url": "https://www.jumbo.com/aanbiedingen/alle-koffiebonen/3012544"
    },
    {
      "id": "30773PAK",
      "name": "Lavazza Crema & Aroma koffiebonen 1KG",
      "brand": "Lavazza",
      "category": "Koffie en thee",
      "unit_size": null,
      "offer_price": 21.39,
      "normal_price": 21.39,
      "price_per_unit": 21.39,
      "price_unit": "kg",
      "discount_tag": "2e halve prijs",
      "promo_title": "Alle Koffiebonen",
      "validity": "wo 17 t/m vr 26 dec",
      "image_url": "",
      "source_url": "https://www.jumbo.com/aanbiedingen/alle-koffiebonen/3012544"
    },
    {
      "id": "30555PAK",
      "name": "Segafredo Zanetti Espresso Casa Gusto Cremoso 500 g",
      "brand": "Segafredo",
      "category": "Koffie en thee",
      "unit_size": "500 g",
      "offer_price": 10.99,
      "normal_price": 10.99,
      "price_per_unit": 21.98,
      "price_unit": "kg",
      "discount_tag": "2e halve prijs",
      "promo_title": "Alle Koffiebonen",
      "validity": "wo 17 t/m vr 26 dec",
      "image_url": "https://www.jumbo.com/dam-images/fit-in/360x360/Products/13122023_1702437950860_1702437965785_30555_PAK_08003410311027_C1N1.png",
      "source_url": "https://www.jumbo.com/aanbiedingen/alle-koffiebonen/3012544"
    },
    {
      "id": "646527ZK",
      "name": "Jumbo's Dark Roast Brasil & Colombia Notig & Cacao 1 kg",
      "brand": "Jumbo's",
      "category": "Koffie en thee",
      "unit_size": "1 kg",
      "offer_price": 21.99,
      "normal_price": 21.99,
      "price_per_unit": 21.99,
      "price_unit": "kg",
      "discount_tag": "2e halve prijs",
      "promo_title": "Alle Koffiebonen",
      "validity": "wo 17 t/m vr 26 dec",
      "image_url": "https://www.jumbo.com/dam-images/fit-in/360x360/Products/12122024_1734003202261_1734003207573_8718452850150_1.png",
      "source_url": "https://www.jumbo.com/aanbiedingen/alle-koffiebonen/3012544"
    },
    {
      "id": "206223ZK",
      "name": "__MISSING_PRODUCT__",
      "brand": "Cornelissen Coffeeroasters",
      "category": "Koffie en thee",
      "unit_size": null,
      "offer_price": 15.99,
      "normal_price": 15.99,
      "price_per_unit": 15.99,
      "price_unit": "kg",
      "discount_tag": "2e halve prijs",
      "promo_title": "Alle Koffiebonen",
      "validity": "wo 17 t/m vr 26 dec",
      "image_url": "",
      "source_url": "https://www.jumbo.com/aanbiedingen/alle-koffiebonen/3012544"
    },
    {
      "id": "713193ZK",
      "name": "Melitta CaféBar Selection Espresso Classic Intense Koffiebonen 1 KG",
      "brand": "Melitta",
      "category": "Koffie en thee",
      "unit_size": "1 kg",
      "offer_price": 21.99,
      "normal_price": 21.99,
      "price_per_unit": 21.99,
      "price_unit": "kg",
      "discount_tag": "2e halve prijs",
      "promo_title": "Alle Koffiebonen",
      "validity": "wo 17 t/m vr 26 dec",
      "image_url": "https://www.jumbo.com/dam-images/fit-in/360x360/Products/10102025_1760099616700_1760099619844_4002720004531_1.png",
      "source_url": "https://www.jumbo.com/aanbiedingen/alle-koffiebonen/3012544"
    },
    {
      "id": "525660ZK",
      "name": "DALLMAYR CREMA BONEN",
      "brand": "Dallmayr",
      "category": "Koffie en thee",
      "unit_size": null,
      "offer_price": 15.99,
      "normal_price": 15.99,
      "price_per_unit": 15.99,
      "price_unit": "kg",
      "discount_tag": "2e halve prijs",
      "promo_title": "Alle Koffiebonen",
      "validity": "wo 17 t/m vr 26 dec",
      "image_url": "",
      "source_url": "https://www.jumbo.com/aanbiedingen/alle-koffiebonen/3012544"
    },
    {
      "id": "637272ZK",
      "name": "Jumbo's Beste Koffiebonen Espresso Intenso 1 kg",
      "brand": "Jumbo's",
      "category": "Koffie en thee",
      "unit_size": "1 kg",
      "offer_price": 14.99,
      "normal_price": 14.99,
      "price_per_unit": 14.99,
      "price_unit": "kg",
      "discount_tag": "2e halve prijs",
      "promo_title": "Alle Koffiebonen",
      "validity": "wo 17 t/m vr 26 dec",
      "image_url": "https://www.jumbo.com/dam-images/fit-in/360x360/Products/26092024_1727353959348_1727353963540_8718452848928_1.png",
      "source_url": "https://www.jumbo.com/aanbiedingen/alle-koffiebonen/3012544"
    },
    {
      "id": "206241STK",
      "name": "KOFFIEBLIK",
      "brand": "Cornelissen Coffeeroasters",
      "category": "Koffie en thee",
      "unit_size": null,
      "offer_price": 9.99,
      "normal_price": 9.99,
      "price_per_unit": 9.99,
      "price_unit": "pieces",
      "discount_tag": "2e halve prijs",
      "promo_title": "Alle Koffiebonen",
      "validity": "wo 17 t/m vr 26 dec",
      "image_url": "",
      "source_url": "https://www.jumbo.com/aanbiedingen/alle-koffiebonen/3012544"
    },
    {
      "id": "624764ZK",
      "name": "Wayang Premium Coffee Beans Indonesia 500 g",
      "brand": "Wayang Coffee",
      "category": "Koffie en thee",
      "unit_size": "500 G",
      "offer_price": 11.79,
      "normal_price": 11.79,
      "price_per_unit": 23.58,
      "price_unit": "kg",
      "discount_tag": "2e halve prijs",
      "promo_title": "Alle Koffiebonen",
      "validity": "wo 17 t/m vr 26 dec",
      "image_url": "https://www.jumbo.com/dam-images/fit-in/360x360/Products/14062024_1718350405611_1718350409763_8720938527029_1.png",
      "source_url": "https://www.jumbo.com/aanbiedingen/alle-koffiebonen/3012544"
    },
    {
      "id": "637275ZK",
      "name": "Jumbo's Beste Koffiebonen Decaf 500 g",
      "brand": "Jumbo's",
      "category": "Koffie en thee",
      "unit_size": "500 g",
      "offer_price": 8.69,
      "normal_price": 8.69,
      "price_per_unit": 17.38,
      "price_unit": "kg",
      "discount_tag": "2e halve prijs",
      "promo_title": "Alle Koffiebonen",
      "validity": "wo 17 t/m vr 26 dec",
      "image_url": "https://www.jumbo.com/dam-images/fit-in/360x360/Products/26092024_1727361163559_1727361167850_8718452848959_1.png",
      "source_url": "https://www.jumbo.com/aanbiedingen/alle-koffiebonen/3012544"
    },
    {
      "id": "372105PAK",
      "name": "Café Intención Espresso Intensivo 500 g bonen",
      "brand": "cafe intencion",
      "category": "Koffie en thee",
      "unit_size": "500 g",
      "offer_price": 12.99,
      "normal_price": 12.99,
      "price_per_unit": 25.98,
      "price_unit": "kg",
      "discount_tag": "2e halve prijs",
      "promo_title": "Alle Koffiebonen",
      "validity": "wo 17 t/m vr 26 dec",
      "image_url": "https://www.jumbo.com/dam-images/fit-in/360x360/Products/28092023_1695920842579_1695920845554_4006581020983_1.png",
      "source_url": "https://www.jumbo.com/aanbiedingen/alle-koffiebonen/3012544"
    },
    {
      "id": "637271ZK",
      "name": "Jumbo's Beste Koffiebonen Dark Roast 1 kg",
      "brand": "Jumbo's",
      "category": "Koffie en thee",
      "unit_size": "1 kg",
      "offer_price": 14.99,
      "normal_price": 14.99,
      "price_per_unit": 14.99,
      "price_unit": "kg",
      "discount_tag": "2e halve prijs",
      "promo_title": "Alle Koffiebonen",
      "validity": "wo 17 t/m vr 26 dec",
      "image_url": "https://www.jumbo.com/dam-images/fit-in/360x360/Products/26092024_1727353959345_1727353962666_8718452848911_1.png",
      "source_url": "https://www.jumbo.com/aanbiedingen/alle-koffiebonen/3012544"
    },
    {
      "id": "226823STK",
      "name": "illy Classico Coffee Beans 250 g",
      "brand": "Illy",
      "category": "Koffie en thee",
      "unit_size": null,
      "offer_price": 8.49,
      "normal_price": 8.49,
      "price_per_unit": 33.96,
      "price_unit": "kg",
      "discount_tag": "2e halve prijs",
      "promo_title": "Alle Koffiebonen",
      "validity": "wo 17 t/m vr 26 dec",
      "image_url": "https://www.jumbo.com/dam-images/fit-in/360x360/Products/19112025_1763525985794_1763525988168_226823_STK_08003753900520_C1N1.png",
      "source_url": "https://www.jumbo.com/aanbiedingen/alle-koffiebonen/3012544"
    },
    {
      "id": "422544ZK",
      "name": "Starbucks® Pike Place Medium Roast koffiebonen 450 gram",
      "brand": "Starbucks",
      "category": "Koffie en thee",
      "unit_size": "450 g",
      "offer_price": 12.69,
      "normal_price": 12.69,
      "price_per_unit": 28.2,
      "price_unit": "kg",
      "discount_tag": "2e halve prijs",
      "promo_title": "Alle Koffiebonen",
      "validity": "wo 17 t/m vr 26 dec",
      "image_url": "https://www.jumbo.com/dam-images/fit-in/360x360/Products/16102024_1729047239298_1729047246911_422544_ZK_07613287008497_H1N1_s01.png",
      "source_url": "https://www.jumbo.com/aanbiedingen/alle-koffiebonen/3012544"
    },
    {
      "id": "646529ZK",
      "name": "Jumbo's Dark Roast Brasil & Colombia Notig & Cacao 500 g",
      "brand": "Jumbo's",
      "category": "Koffie en thee",
      "unit_size": "500 g",
      "offer_price": 11.99,
      "normal_price": 11.99,
      "price_per_unit": 23.98,
      "price_unit": "kg",
      "discount_tag": "2e halve prijs",
      "promo_title": "Alle Koffiebonen",
      "validity": "wo 17 t/m vr 26 dec",
      "image_url": "https://www.jumbo.com/dam-images/fit-in/360x360/Products/12122024_1734003202823_1734003210595_8718452850167_1.png",
      "source_url": "https://www.jumbo.com/aanbiedingen/alle-koffiebonen/3012544"
    },
    {
      "id": "214881ZK",
      "name": "Segafredo Zanetti Selezione Espresso Koffiebonen 500 g",
      "brand": "Segafredo",
      "category": "Koffie en thee",
      "unit_size": "500 g",
      "offer_price": 10.99,
      "normal_price": 10.99,
      "price_per_unit": 21.98,
      "price_unit": "kg",
      "discount_tag": "2e halve prijs",
      "promo_title": "Alle Koffiebonen",
      "validity": "wo 17 t/m vr 26 dec",
      "image_url": "https://www.jumbo.com/dam-images/fit-in/360x360/Products/05102023_1696498562649_1696498568658_9001810011546_1.png",
      "source_url": "https://www.jumbo.com/aanbiedingen/alle-koffiebonen/3012544"
    },
    {
      "id": "624741ZK",
      "name": "Fairtrade Original Dark Roast Bonen 500g",
      "brand": "Fair trade",
      "category": "Koffie en thee",
      "unit_size": null,
      "offer_price": 11.79,
      "normal_price": 11.79,
      "price_per_unit": 23.58,
      "price_unit": "kg",
      "discount_tag": "2e halve prijs",
      "promo_title": "Alle Koffiebonen",
      "validity": "wo 17 t/m vr 26 dec",
      "image_url": "https://www.jumbo.com/dam-images/fit-in/360x360/Products/13082024_1723514969553_1723514973009_624741_ZK_08711741360095_C1N1.png",
      "source_url": "https://www.jumbo.com/aanbiedingen/alle-koffiebonen/3012544"
    },
    {
      "id": "711274ZK",
      "name": "Jumbo's Forte Koffiebonen 500 g",
      "brand": "Jumbo's",
      "category": "Koffie en thee",
      "unit_size": "500 g",
      "offer_price": 10.99,
      "normal_price": 10.99,
      "price_per_unit": 21.98,
      "price_unit": "kg",
      "discount_tag": "2e halve prijs",
      "promo_title": "Alle Koffiebonen",
      "validity": "wo 17 t/m vr 26 dec",
      "image_url": "https://www.jumbo.com/dam-images/fit-in/360x360/Products/03102025_1759480551961_1759480566624_8718452928019_596.png",
      "source_url": "https://www.jumbo.com/aanbiedingen/alle-koffiebonen/3012544"
    },
    {
      "id": "16496ZK",
      "name": "DALLMAYR CREMA INTENSA",
      "brand": "Dallmayr",
      "category": "Koffie en thee",
      "unit_size": null,
      "offer_price": 15.99,
      "normal_price": 15.99,
      "price_per_unit": 15.99,
      "price_unit": "kg",
      "discount_tag": "2e halve prijs",
      "promo_title": "Alle Koffiebonen",
      "validity": "wo 17 t/m vr 26 dec",
      "image_url": "",
      "source_url": "https://www.jumbo.com/aanbiedingen/alle-koffiebonen/3012544"
    },
    {
      "id": "713190ZK",
      "name": "Melitta CaféBar Selection Crema Gold Koffiebonen 1KG",
      "brand": "Melitta",
      "category": "Koffie en thee",
      "unit_size": "1000 g",
      "offer_price": 21.99,
      "normal_price": 21.99,
      "price_per_unit": 21.99,
      "price_unit": "kg",
      "discount_tag": "2e halve prijs",
      "promo_title": "Alle Koffiebonen",
      "validity": "wo 17 t/m vr 26 dec",
      "image_url": "https://www.jumbo.com/dam-images/fit-in/360x360/Products/10102025_1760099616548_1760099619636_4002720004524_1.png",
      "source_url": "https://www.jumbo.com/aanbiedingen/alle-koffiebonen/3012544"
    },
    {
      "id": "520004ZK",
      "name": "MELITTA BELLA ESPRES",
      "brand": "Melitta",
      "category": "Koffie en thee",
      "unit_size": null,
      "offer_price": 13.99,
      "normal_price": 13.99,
      "price_per_unit": 13.99,
      "price_unit": "kg",
      "discount_tag": "2e halve prijs",
      "promo_title": "Alle Koffiebonen",
      "validity": "wo 17 t/m vr 26 dec",
      "image_url": "",
      "source_url": "https://www.jumbo.com/aanbiedingen/alle-koffiebonen/3012544"
    },
    {
      "id": "615882ZK",
      "name": "Jacobs Kronung Caffe Crema Bohnen 1KG",
      "brand": "Jacobs",
      "category": "Koffie en thee",
      "unit_size": null,
      "offer_price": 14.99,
      "normal_price": 14.99,
      "price_per_unit": 14.99,
      "price_unit": "kg",
      "discount_tag": "2e halve prijs",
      "promo_title": "Alle Koffiebonen",
      "validity": "wo 17 t/m vr 26 dec",
      "image_url": "",
      "source_url": "https://www.jumbo.com/aanbiedingen/alle-koffiebonen/3012544"
    },
    {
      "id": "706828ZK",
      "name": "Bialetti Espresso Grani Classico 500g",
      "brand": "Bialetti",
      "category": "Koffie en thee",
      "unit_size": null,
      "offer_price": 13.29,
      "normal_price": 13.29,
      "price_per_unit": 26.58,
      "price_unit": "kg",
      "discount_tag": "2e halve prijs",
      "promo_title": "Alle Koffiebonen",
      "validity": "wo 17 t/m vr 26 dec",
      "image_url": "https://www.jumbo.com/dam-images/fit-in/360x360/Products/26062025_1750941230382_1750941234350_706828_ZK_08006363032179_C1N1.png",
      "source_url": "https://www.jumbo.com/aanbiedingen/alle-koffiebonen/3012544"
    },
    {
      "id": "646532ZK",
      "name": "Jumbo's Light Roast Ethiopia Bloemig & Complex 500 g",
      "brand": "Jumbo's",
      "category": "Koffie en thee",
      "unit_size": "500 g",
      "offer_price": 12.99,
      "normal_price": 12.99,
      "price_per_unit": 25.98,
      "price_unit": "kg",
      "discount_tag": "2e halve prijs",
      "promo_title": "Alle Koffiebonen",
      "validity": "wo 17 t/m vr 26 dec",
      "image_url": "https://www.jumbo.com/dam-images/fit-in/360x360/Products/12122024_1734003202495_1734003211696_8718452850204_1.png",
      "source_url": "https://www.jumbo.com/aanbiedingen/alle-koffiebonen/3012544"
    },
    {
      "id": "637555TUB",
      "name": "Parodontax Active Repair Tandvlees Freshmint 75 ML",
      "brand": "Parodontax",
      "category": "Drogisterij en baby",
      "unit_size": null,
      "offer_price": 7.29,
      "normal_price": 7.29,
      "price_per_unit": 97.2,
      "price_unit": "l",
      "discount_tag": "1+1 gratis",
      "promo_title": "Alle Parodontax",
      "validity": "wo 17 t/m wo 31 dec",
      "image_url": "https://www.jumbo.com/dam-images/fit-in/360x360/Products/28062024_1719565395146_1719565396791_637555_TUB_05054563164858_C1N1.png",
      "source_url": "https://www.jumbo.com/aanbiedingen/alle-parodontax/3012442"
    },
    {
      "id": "705065DS",
      "name": "Parodontax Whitening  Tandpasta 75 ML",
      "brand": "Parodontax",
      "category": "Drogisterij en baby",
      "unit_size": null,
      "offer_price": 5.85,
      "normal_price": 5.85,
      "price_per_unit": 78.0,
      "price_unit": "l",
      "discount_tag": "1+1 gratis",
      "promo_title": "Alle Parodontax",
      "validity": "wo 17 t/m wo 31 dec",
      "image_url": "https://www.jumbo.com/dam-images/fit-in/360x360/Products/25092025_1758763114949_1758763117258_705065_DS_05054563263278_C1N1.png",
      "source_url": "https://www.jumbo.com/aanbiedingen/alle-parodontax/3012442"
    },
    {
      "id": "381942STK",
      "name": "Parodontax Extra Fresh dagelijkse tandpasta tegen bloedend tandvlees 75 ml",
      "brand": "Parodontax",
      "category": "Drogisterij en baby",
      "unit_size": null,
      "offer_price": 5.79,
      "normal_price": 5.79,
      "price_per_unit": 77.2,
      "price_unit": "l",
      "discount_tag": "1+1 gratis",
      "promo_title": "Alle Parodontax",
      "validity": "wo 17 t/m wo 31 dec",
      "image_url": "https://www.jumbo.com/dam-images/fit-in/360x360/Products/24122024_1735007882501_1735007884957_381942_STK_05054563148483_C1N1.png",
      "source_url": "https://www.jumbo.com/aanbiedingen/alle-parodontax/3012442"
    },
    {
      "id": "705064DS",
      "name": "Parodontax Active Repair Tandvlees Freshmint 75 ML",
      "brand": "Parodontax",
      "category": "Drogisterij en baby",
      "unit_size": null,
      "offer_price": 7.29,
      "normal_price": 7.29,
      "price_per_unit": 97.2,
      "price_unit": "l",
      "discount_tag": "1+1 gratis",
      "promo_title": "Alle Parodontax",
      "validity": "wo 17 t/m wo 31 dec",
      "image_url": "https://www.jumbo.com/dam-images/fit-in/360x360/Products/25092025_1758763123372_1758763125736_705064_DS_05054563262875_C1N1.png",
      "source_url": "https://www.jumbo.com/aanbiedingen/alle-parodontax/3012442"
    },
    {
      "id": "381946STK",
      "name": "Parodontax Complete Protection Whitening Tandpasta tegen bloedend tandvlees 75 ml",
      "brand": "Parodontax",
      "category": "Drogisterij en baby",
      "unit_size": null,
      "offer_price": 7.29,
      "normal_price": 7.29,
      "price_per_unit": 97.2,
      "price_unit": "l",
      "discount_tag": "1+1 gratis",
      "promo_title": "Alle Parodontax",
      "validity": "wo 17 t/m wo 31 dec",
      "image_url": "https://www.jumbo.com/dam-images/fit-in/360x360/Products/08052025_1746668426553_1746668428959_381946_STK_05054563949325_C1N1.png",
      "source_url": "https://www.jumbo.com/aanbiedingen/alle-parodontax/3012442"
    },
    {
      "id": "381938STK",
      "name": "Parodontax Whitening dagelijkse tandpasta tegen bloedend tandvlees 75 ml",
      "brand": "Parodontax",
      "category": "Drogisterij en baby",
      "unit_size": null,
      "offer_price": 5.85,
      "normal_price": 5.85,
      "price_per_unit": 78.0,
      "price_unit": "l",
      "discount_tag": "1+1 gratis",
      "promo_title": "Alle Parodontax",
      "validity": "wo 17 t/m wo 31 dec",
      "image_url": "https://www.jumbo.com/dam-images/fit-in/360x360/Products/24122024_1735006403899_1735006406263_381938_STK_05054563148407_C1N1.png",
      "source_url": "https://www.jumbo.com/aanbiedingen/alle-parodontax/3012442"
    },
    {
      "id": "381940STK",
      "name": "Parodontax No Fluoride fluoridevrije tandpasta tegen bloedend tandvlees 75 ml",
      "brand": "Parodontax",
      "category": "Drogisterij en baby",
      "unit_size": null,
      "offer_price": 5.79,
      "normal_price": 5.79,
      "price_per_unit": 77.2,
      "price_unit": "l",
      "discount_tag": "1+1 gratis",
      "promo_title": "Alle Parodontax",
      "validity": "wo 17 t/m wo 31 dec",
      "image_url": "https://www.jumbo.com/dam-images/fit-in/360x360/Products/25042024_1714012878180_1714012879582_381940_STK_05054563087096_C1N1.png",
      "source_url": "https://www.jumbo.com/aanbiedingen/alle-parodontax/3012442"
    },
    {
      "id": "300769STK",
      "name": "Parodontax Daily Care Mondwater Extra Fresh voor gezond tandvlees 500 ml",
      "brand": "Parodontax",
      "category": "Drogisterij en baby",
      "unit_size": null,
      "offer_price": 6.99,
      "normal_price": 6.99,
      "price_per_unit": 13.98,
      "price_unit": "l",
      "discount_tag": "1+1 gratis",
      "promo_title": "Alle Parodontax",
      "validity": "wo 17 t/m wo 31 dec",
      "image_url": "https://www.jumbo.com/dam-images/fit-in/360x360/Products/30092025_1759196819394_1759196822624_300769_STK_05054563126450_C1N1.png",
      "source_url": "https://www.jumbo.com/aanbiedingen/alle-parodontax/3012442"
    },
    {
      "id": "381945STK",
      "name": "Parodontax Complete Protection Extra Fresh dagelijkse tandpasta tegen bloedend tandvlees 75 ml",
      "brand": "Parodontax",
      "category": "Drogisterij en baby",
      "unit_size": null,
      "offer_price": 7.29,
      "normal_price": 7.29,
      "price_per_unit": 97.2,
      "price_unit": "l",
      "discount_tag": "1+1 gratis",
      "promo_title": "Alle Parodontax",
      "validity": "wo 17 t/m wo 31 dec",
      "image_url": "https://www.jumbo.com/dam-images/fit-in/360x360/Products/08042025_1744076542098_1744076544194_381945_STK_05054563949288_C1N1.png",
      "source_url": "https://www.jumbo.com/aanbiedingen/alle-parodontax/3012442"
    },
    {
      "id": "381936DS",
      "name": "Parodontax Original dagelijkse tandpasta tegen bloedend tandvlees 75 ml",
      "brand": "Parodontax",
      "category": "Drogisterij en baby",
      "unit_size": null,
      "offer_price": 5.73,
      "normal_price": 5.73,
      "price_per_unit": 76.4,
      "price_unit": "l",
      "discount_tag": "1+1 gratis",
      "promo_title": "Alle Parodontax",
      "validity": "wo 17 t/m wo 31 dec",
      "image_url": "https://www.jumbo.com/dam-images/fit-in/360x360/Products/08042025_1744075093028_1744075095593_381936_DS_05054563148445_C1N1.png",
      "source_url": "https://www.jumbo.com/aanbiedingen/alle-parodontax/3012442"
    },
    {
      "id": "494319DS",
      "name": "Tandvlees+ gevoeligheid&adem tandpasta",
      "brand": "Parodontax",
      "category": "Drogisterij en baby",
      "unit_size": null,
      "offer_price": 7.29,
      "normal_price": 7.29,
      "price_per_unit": 97.2,
      "price_unit": "l",
      "discount_tag": "1+1 gratis",
      "promo_title": "Alle Parodontax",
      "validity": "wo 17 t/m wo 31 dec",
      "image_url": "https://www.jumbo.com/dam-images/fit-in/360x360/Products/30092025_1759196743961_1759196746041_494319_DS_05054563119599_C1N1.png",
      "source_url": "https://www.jumbo.com/aanbiedingen/alle-parodontax/3012442"
    },
    {
      "id": "705066DS",
      "name": "Parodontax Fluoridevrij  Tandpasta 75 ML",
      "brand": "Parodontax",
      "category": "Drogisterij en baby",
      "unit_size": null,
      "offer_price": 5.79,
      "normal_price": 5.79,
      "price_per_unit": 77.2,
      "price_unit": "l",
      "discount_tag": "1+1 gratis",
      "promo_title": "Alle Parodontax",
      "validity": "wo 17 t/m wo 31 dec",
      "image_url": "https://www.jumbo.com/dam-images/fit-in/360x360/Products/25092025_1758763105240_1758763107516_705066_DS_05054563263353_C1N1.png",
      "source_url": "https://www.jumbo.com/aanbiedingen/alle-parodontax/3012442"
    },
    {
      "id": "705068DS",
      "name": "Parodontax Extra Fresh Tandpasta 75 ML",
      "brand": "Parodontax",
      "category": "Drogisterij en baby",
      "unit_size": null,
      "offer_price": 5.79,
      "normal_price": 5.79,
      "price_per_unit": 77.2,
      "price_unit": "l",
      "discount_tag": "1+1 gratis",
      "promo_title": "Alle Parodontax",
      "validity": "wo 17 t/m wo 31 dec",
      "image_url": "https://www.jumbo.com/dam-images/fit-in/360x360/Products/25092025_1758763075113_1758763077446_705068_DS_05054563262790_C1N1.png",
      "source_url": "https://www.jumbo.com/aanbiedingen/alle-parodontax/3012442"
    },
    {
      "id": "705072DS",
      "name": "Parodontax Complete Protection Extra Fresh Tandpasta 75 ML",
      "brand": "Parodontax",
      "category": "Drogisterij en baby",
      "unit_size": null,
      "offer_price": 7.29,
      "normal_price": 7.29,
      "price_per_unit": 97.2,
      "price_unit": "l",
      "discount_tag": "1+1 gratis",
      "promo_title": "Alle Parodontax",
      "validity": "wo 17 t/m wo 31 dec",
      "image_url": "https://www.jumbo.com/dam-images/fit-in/360x360/Products/25092025_1758765729471_1758765732019_705072_DS_05054563262912_C1N1.png",
      "source_url": "https://www.jumbo.com/aanbiedingen/alle-parodontax/3012442"
    },
    {
      "id": "705070DS",
      "name": "Parodontax Active Repair Whitening Tandpasta 75 ML",
      "brand": "Parodontax",
      "category": "Drogisterij en baby",
      "unit_size": null,
      "offer_price": 7.49,
      "normal_price": 7.49,
      "price_per_unit": 99.87,
      "price_unit": "l",
      "discount_tag": "1+1 gratis",
      "promo_title": "Alle Parodontax",
      "validity": "wo 17 t/m wo 31 dec",
      "image_url": "https://www.jumbo.com/dam-images/fit-in/360x360/Products/25092025_1758765766389_1758765768890_705070_DS_05054563262837_C1N1.png",
      "source_url": "https://www.jumbo.com/aanbiedingen/alle-parodontax/3012442"
    },
    {
      "id": "705063DS",
      "name": "Parodontax Fluoride Tandpasta 75 ML",
      "brand": "Parodontax",
      "category": "Drogisterij en baby",
      "unit_size": null,
      "offer_price": 5.79,
      "normal_price": 5.79,
      "price_per_unit": 77.2,
      "price_unit": "l",
      "discount_tag": "1+1 gratis",
      "promo_title": "Alle Parodontax",
      "validity": "wo 17 t/m wo 31 dec",
      "image_url": "https://www.jumbo.com/dam-images/fit-in/360x360/Products/25092025_1758763131179_1758763133494_705063_DS_05054563265685_C1N1.png",
      "source_url": "https://www.jumbo.com/aanbiedingen/alle-parodontax/3012442"
    },
    {
      "id": "637557TUB",
      "name": "Parodontax Active Repair Tandvlees Whitening 75 ML",
      "brand": "Parodontax",
      "category": "Drogisterij en baby",
      "unit_size": null,
      "offer_price": 6.99,
      "normal_price": 6.99,
      "price_per_unit": 93.2,
      "price_unit": "l",
      "discount_tag": "1+1 gratis",
      "promo_title": "Alle Parodontax",
      "validity": "wo 17 t/m wo 31 dec",
      "image_url": "https://www.jumbo.com/dam-images/fit-in/360x360/Products/28062024_1719565418269_1719565419877_637557_TUB_05054563165510_C1N1.png",
      "source_url": "https://www.jumbo.com/aanbiedingen/alle-parodontax/3012442"
    },
    {
      "id": "381944STK",
      "name": "Parodontax Ultra Clean dagelijkse tandpasta tegen bloedend tandvlees 75 ml",
      "brand": "Parodontax",
      "category": "Drogisterij en baby",
      "unit_size": null,
      "offer_price": 5.85,
      "normal_price": 5.85,
      "price_per_unit": 78.0,
      "price_unit": "l",
      "discount_tag": "1+1 gratis",
      "promo_title": "Alle Parodontax",
      "validity": "wo 17 t/m wo 31 dec",
      "image_url": "https://www.jumbo.com/dam-images/fit-in/360x360/Products/29112024_1732848134222_1732848136635_381944_STK_05054563148322_C1N1.png",
      "source_url": "https://www.jumbo.com/aanbiedingen/alle-parodontax/3012442"
    },
    {
      "id": "705071DS",
      "name": "Parodontax Ultra Clean Tandpasta 75 ML",
      "brand": "Parodontax",
      "category": "Drogisterij en baby",
      "unit_size": null,
      "offer_price": 5.85,
      "normal_price": 5.85,
      "price_per_unit": 78.0,
      "price_unit": "l",
      "discount_tag": "1+1 gratis",
      "promo_title": "Alle Parodontax",
      "validity": "wo 17 t/m wo 31 dec",
      "image_url": "https://www.jumbo.com/dam-images/fit-in/360x360/Products/25092025_1758765738241_1758765740558_705071_DS_05054563265609_C1N1.png",
      "source_url": "https://www.jumbo.com/aanbiedingen/alle-parodontax/3012442"
    },
    {
      "id": "705069DS",
      "name": "Parodontax Complete Protection Whitening Tandpasta 75 ML",
      "brand": "Parodontax",
      "category": "Drogisterij en baby",
      "unit_size": null,
      "offer_price": 7.29,
      "normal_price": 7.29,
      "price_per_unit": 97.2,
      "price_unit": "l",
      "discount_tag": "1+1 gratis",
      "promo_title": "Alle Parodontax",
      "validity": "wo 17 t/m wo 31 dec",
      "image_url": "https://www.jumbo.com/dam-images/fit-in/360x360/Products/25092025_1758763059707_1758763062055_705069_DS_05054563262950_C1N1.png",
      "source_url": "https://www.jumbo.com/aanbiedingen/alle-parodontax/3012442"
    },
    {
      "id": "432189FLS",
      "name": "NIVEA MEN Energy Douchegel - 500ml - 3-in-1 shower gel met mintextract - Shampoo - Voor lichaam, gezicht en haar",
      "brand": "Nivea for men",
      "category": "Drogisterij en baby",
      "unit_size": null,
      "offer_price": 8.99,
      "normal_price": 8.99,
      "price_per_unit": 17.98,
      "price_unit": "l",
      "discount_tag": "1+1 gratis",
      "promo_title": "Alle Nivea",
      "validity": "wo 17 t/m wo 31 dec",
      "image_url": "https://www.jumbo.com/dam-images/fit-in/360x360/Products/21082025_1755790436710_1755790440391_4005808130146_1.png",
      "source_url": "https://www.jumbo.com/aanbiedingen/alle-nivea/3012408"
    },
    {
      "id": "506760FLS",
      "name": "NIVEA Soothing Micellair Water - 400ml",
      "brand": "Nivea",
      "category": "Drogisterij en baby",
      "unit_size": null,
      "offer_price": 7.99,
      "normal_price": 7.99,
      "price_per_unit": 19.98,
      "price_unit": "l",
      "discount_tag": "1+1 gratis",
      "promo_title": "Alle Nivea",
      "validity": "wo 17 t/m wo 31 dec",
      "image_url": "https://www.jumbo.com/dam-images/fit-in/360x360/Products/06122025_1764992499783_1764992500871_506760_FLS_04005900334817_C1N1.png",
      "source_url": "https://www.jumbo.com/aanbiedingen/alle-nivea/3012408"
    },
    {
      "id": "637550FLS",
      "name": "Nivea Care Shower Creme Care 500 ML",
      "brand": "Nivea",
      "category": "Drogisterij en baby",
      "unit_size": null,
      "offer_price": 7.99,
      "normal_price": 7.99,
      "price_per_unit": 15.98,
      "price_unit": "l",
      "discount_tag": "1+1 gratis",
      "promo_title": "Alle Nivea",
      "validity": "wo 17 t/m wo 31 dec",
      "image_url": "https://www.jumbo.com/dam-images/fit-in/360x360/Products/13112025_1763002526278_1763002527078_637550_FLS_04005808899296_C1N1.png",
      "source_url": "https://www.jumbo.com/aanbiedingen/alle-nivea/3012408"
    },
    {
      "id": "489457FLS",
      "name": "Nivea Men Dry Fresh Anti-Transpirant 50 ml",
      "brand": "Nivea for men",
      "category": "Drogisterij en baby",
      "unit_size": null,
      "offer_price": 5.79,
      "normal_price": 5.79,
      "price_per_unit": 115.8,
      "price_unit": "l",
      "discount_tag": "1+1 gratis",
      "promo_title": "Alle Nivea",
      "validity": "wo 17 t/m wo 31 dec",
      "image_url": "",
      "source_url": "https://www.jumbo.com/aanbiedingen/alle-nivea/3012408"
    },
    {
      "id": "616928FLS",
      "name": "NIVEA Verzachtende Reinigingsmousse - Gezichtsreiniger - Amandelolie - Face Wash - Hydramine - Voor de droge en gevoelige huid",
      "brand": "Nivea",
      "category": "Drogisterij en baby",
      "unit_size": null,
      "offer_price": 9.49,
      "normal_price": 9.49,
      "price_per_unit": 63.27,
      "price_unit": "l",
      "discount_tag": "1+1 gratis",
      "promo_title": "Alle Nivea",
      "validity": "wo 17 t/m wo 31 dec",
      "image_url": "https://www.jumbo.com/dam-images/fit-in/360x360/Products/18082025_1755531252073_1755531254872_4005900682031_1.png",
      "source_url": "https://www.jumbo.com/aanbiedingen/alle-nivea/3012408"
    },
    {
      "id": "432200FLS",
      "name": "Nivea Men Sport Shower Gel 500ml",
      "brand": "Nivea for men",
      "category": "Drogisterij en baby",
      "unit_size": null,
      "offer_price": 9.49,
      "normal_price": 9.49,
      "price_per_unit": 18.98,
      "price_unit": "l",
      "discount_tag": "1+1 gratis",
      "promo_title": "Alle Nivea",
      "validity": "wo 17 t/m wo 31 dec",
      "image_url": "https://www.jumbo.com/dam-images/fit-in/360x360/Products/27082025_1756258047645_1756258048465_432200_FLS_04005808135561_C1N1.png",
      "source_url": "https://www.jumbo.com/aanbiedingen/alle-nivea/3012408"
    },
    {
      "id": "433929BUS",
      "name": "Nivea Men Fresh Kick Anti-Transpirant 150 ml",
      "brand": "Nivea for men",
      "category": "Drogisterij en baby",
      "unit_size": null,
      "offer_price": 6.49,
      "normal_price": 6.49,
      "price_per_unit": 43.27,
      "price_unit": "l",
      "discount_tag": "1+1 gratis",
      "promo_title": "Alle Nivea",
      "validity": "wo 17 t/m wo 31 dec",
      "image_url": "https://www.jumbo.com/dam-images/fit-in/360x360/Products/17072025_1752717719607_1752717729817_433929_BUS_04005900840851_C1N1.png",
      "source_url": "https://www.jumbo.com/aanbiedingen/alle-nivea/3012408"
    },
    {
      "id": "734663TUB",
      "name": "NIVEA MEN Protect & Care Hydraterende Gezichtscrème - 75ml",
      "brand": "Nivea for men",
      "category": "Drogisterij en baby",
      "unit_size": null,
      "offer_price": 17.99,
      "normal_price": 17.99,
      "price_per_unit": 239.87,
      "price_unit": "l",
      "discount_tag": "1+1 gratis",
      "promo_title": "Alle Nivea",
      "validity": "wo 17 t/m wo 31 dec",
      "image_url": "https://www.jumbo.com/dam-images/fit-in/360x360/Products/02122025_1764643329975_1764643331010_734663_TUB_04005808223398_C1N1.png",
      "source_url": "https://www.jumbo.com/aanbiedingen/alle-nivea/3012408"
    },
    {
      "id": "663396FLS",
      "name": "Nivea Repair & Care Body Lotion 250 ML",
      "brand": "Nivea",
      "category": "Drogisterij en baby",
      "unit_size": null,
      "offer_price": 9.99,
      "normal_price": 9.99,
      "price_per_unit": 39.96,
      "price_unit": "l",
      "discount_tag": "1+1 gratis",
      "promo_title": "Alle Nivea",
      "validity": "wo 17 t/m wo 31 dec",
      "image_url": "https://www.jumbo.com/dam-images/fit-in/360x360/Products/02122024_1733127573027_1733127574071_663396_FLS_04006000079455_C1N1.png",
      "source_url": "https://www.jumbo.com/aanbiedingen/alle-nivea/3012408"
    },
    {
      "id": "684983TUB",
      "name": "NIVEA MEN Craft Stylers Fixating Styling Gel 150ml",
      "brand": "Nivea",
      "category": "Drogisterij en baby",
      "unit_size": null,
      "offer_price": 7.29,
      "normal_price": 7.29,
      "price_per_unit": 48.6,
      "price_unit": "l",
      "discount_tag": "1+1 gratis",
      "promo_title": "Alle Nivea",
      "validity": "wo 17 t/m wo 31 dec",
      "image_url": "https://www.jumbo.com/dam-images/fit-in/360x360/Products/07032025_1741346129641_1741346131902_684983_TUB_04005900660343_C1N1.png",
      "source_url": "https://www.jumbo.com/aanbiedingen/alle-nivea/3012408"
    },
    {
      "id": "541852DS",
      "name": "NIVEA Q10 POWER Anti-Rimpel Dagcrème - Alle huidtypen - SPF 30 - Met huididentiek Q10 en creatine - Verstevigt en beschermt - 50 ml",
      "brand": "Nivea",
      "category": "Drogisterij en baby",
      "unit_size": null,
      "offer_price": 25.49,
      "normal_price": 25.49,
      "price_per_unit": 509.8,
      "price_unit": "l",
      "discount_tag": "1+1 gratis",
      "promo_title": "Alle Nivea",
      "validity": "wo 17 t/m wo 31 dec",
      "image_url": "https://www.jumbo.com/dam-images/fit-in/360x360/Products/20052025_1747744434575_1747744469140_4005900192479_596.png",
      "source_url": "https://www.jumbo.com/aanbiedingen/alle-nivea/3012408"
    },
    {
      "id": "202907STK",
      "name": "NIVEA MEN DEEP Dark Wood Anti-Transpirant Deodorant Spray - 150ml",
      "brand": "Nivea for men",
      "category": "Drogisterij en baby",
      "unit_size": null,
      "offer_price": 6.49,
      "normal_price": 6.49,
      "price_per_unit": 43.27,
      "price_unit": "l",
      "discount_tag": "1+1 gratis",
      "promo_title": "Alle Nivea",
      "validity": "wo 17 t/m wo 31 dec",
      "image_url": "https://www.jumbo.com/dam-images/fit-in/360x360/Products/19062025_1750350766762_1750350769499_4005900495532_1.png",
      "source_url": "https://www.jumbo.com/aanbiedingen/alle-nivea/3012408"
    },
    {
      "id": "303340FLS",
      "name": "NIVEA Verzachtende Tonic - 200ml - Reinigingstonic - Toner Gezichtsreiniger - Droge en gevoelige huid - Amandelolie en Hydramine",
      "brand": "Nivea",
      "category": "Drogisterij en baby",
      "unit_size": null,
      "offer_price": 7.99,
      "normal_price": 7.99,
      "price_per_unit": 39.95,
      "price_unit": "l",
      "discount_tag": "1+1 gratis",
      "promo_title": "Alle Nivea",
      "validity": "wo 17 t/m wo 31 dec",
      "image_url": "https://www.jumbo.com/dam-images/fit-in/360x360/Products/18082025_1755509580973_1755509583859_4005900666123_1.png",
      "source_url": "https://www.jumbo.com/aanbiedingen/alle-nivea/3012408"
    },
    {
      "id": "505594TUB",
      "name": "NIVEA MEN Protect & Care Verfrissende Face Wash - 100ml",
      "brand": "Nivea for men",
      "category": "Drogisterij en baby",
      "unit_size": null,
      "offer_price": 8.99,
      "normal_price": 8.99,
      "price_per_unit": 89.9,
      "price_unit": "l",
      "discount_tag": "1+1 gratis",
      "promo_title": "Alle Nivea",
      "validity": "wo 17 t/m wo 31 dec",
      "image_url": "https://www.jumbo.com/dam-images/fit-in/360x360/Products/19082025_1755603161922_1755603165147_4005808227822_1.png",
      "source_url": "https://www.jumbo.com/aanbiedingen/alle-nivea/3012408"
    },
    {
      "id": "405776FLS",
      "name": "NIVEA Crème Soft Douchecrème - 250ml",
      "brand": "Nivea",
      "category": "Drogisterij en baby",
      "unit_size": null,
      "offer_price": 4.69,
      "normal_price": 4.69,
      "price_per_unit": 18.76,
      "price_unit": "l",
      "discount_tag": "1+1 gratis",
      "promo_title": "Alle Nivea",
      "validity": "wo 17 t/m wo 31 dec",
      "image_url": "https://www.jumbo.com/dam-images/fit-in/360x360/Products/04092025_1756985588973_1756985591678_4005808123834_1.png",
      "source_url": "https://www.jumbo.com/aanbiedingen/alle-nivea/3012408"
    },
    {
      "id": "663395FLS",
      "name": "NIVEA Q10 Verstevigende Body Lotion - +72 uur hydratatie - 250ml",
      "brand": "Nivea",
      "category": "Drogisterij en baby",
      "unit_size": null,
      "offer_price": 12.19,
      "normal_price": 12.19,
      "price_per_unit": 48.76,
      "price_unit": "l",
      "discount_tag": "1+1 gratis",
      "promo_title": "Alle Nivea",
      "validity": "wo 17 t/m wo 31 dec",
      "image_url": "https://www.jumbo.com/dam-images/fit-in/360x360/Products/20052025_1747744435152_1747744437761_4006000084404_1.png",
      "source_url": "https://www.jumbo.com/aanbiedingen/alle-nivea/3012408"
    },
    {
      "id": "616927DS",
      "name": "NIVEA Hydraterende Dagcrème SPF30 - 50ml - Gezichtscreme - Met vitamine E - Normale huid",
      "brand": "Nivea",
      "category": "Drogisterij en baby",
      "unit_size": null,
      "offer_price": 13.99,
      "normal_price": 13.99,
      "price_per_unit": 279.8,
      "price_unit": "l",
      "discount_tag": "1+1 gratis",
      "promo_title": "Alle Nivea",
      "validity": "wo 17 t/m wo 31 dec",
      "image_url": "https://www.jumbo.com/dam-images/fit-in/360x360/Products/18082025_1755531252013_1755531255755_4005900738707_1.png",
      "source_url": "https://www.jumbo.com/aanbiedingen/alle-nivea/3012408"
    },
    {
      "id": "501240TUB",
      "name": "Nivea Hand Cream 3in1 Anti-Age Q10 100 ml",
      "brand": "Nivea",
      "category": "Drogisterij en baby",
      "unit_size": "100 ml",
      "offer_price": 6.99,
      "normal_price": 6.99,
      "price_per_unit": 69.9,
      "price_unit": "l",
      "discount_tag": "1+1 gratis",
      "promo_title": "Alle Nivea",
      "validity": "wo 17 t/m wo 31 dec",
      "image_url": "https://www.jumbo.com/dam-images/fit-in/360x360/Products/10022024_1707530784336_1707530784845_501240_TUB_04005900701473_C1N1.png",
      "source_url": "https://www.jumbo.com/aanbiedingen/alle-nivea/3012408"
    },
    {
      "id": "202524STK",
      "name": "NIVEA Dry Comfort Anti-Transpirant Roller - 50ml",
      "brand": "Nivea",
      "category": "Drogisterij en baby",
      "unit_size": null,
      "offer_price": 5.69,
      "normal_price": 5.69,
      "price_per_unit": 113.8,
      "price_unit": "l",
      "discount_tag": "1+1 gratis",
      "promo_title": "Alle Nivea",
      "validity": "wo 17 t/m wo 31 dec",
      "image_url": "https://www.jumbo.com/dam-images/fit-in/360x360/Products/16072025_1752680047326_1752680050319_42345091_1.png",
      "source_url": "https://www.jumbo.com/aanbiedingen/alle-nivea/3012408"
    },
    {
      "id": "198632STK",
      "name": "NIVEA MEN Protect & Care Anti-Transpirant Spray - 150ml",
      "brand": "Nivea for men",
      "category": "Drogisterij en baby",
      "unit_size": null,
      "offer_price": 5.69,
      "normal_price": 5.69,
      "price_per_unit": 37.93,
      "price_unit": "l",
      "discount_tag": "1+1 gratis",
      "promo_title": "Alle Nivea",
      "validity": "wo 17 t/m wo 31 dec",
      "image_url": "https://www.jumbo.com/dam-images/fit-in/360x360/Products/16072025_1752680047300_1752680049283_4005900457707_1.png",
      "source_url": "https://www.jumbo.com/aanbiedingen/alle-nivea/3012408"
    },
    {
      "id": "432746FLS",
      "name": "Nivea Men Active Clean Shower Gel 250 ml",
      "brand": "Nivea for men",
      "category": "Drogisterij en baby",
      "unit_size": null,
      "offer_price": 5.79,
      "normal_price": 5.79,
      "price_per_unit": 23.16,
      "price_unit": "l",
      "discount_tag": "1+1 gratis",
      "promo_title": "Alle Nivea",
      "validity": "wo 17 t/m wo 31 dec",
      "image_url": "https://www.jumbo.com/dam-images/fit-in/360x360/Products/17012025_1737081775349_1737081777221_432746_FLS_06001051000692_C1N1.png",
      "source_url": "https://www.jumbo.com/aanbiedingen/alle-nivea/3012408"
    },
    {
      "id": "265734STK",
      "name": "NIVEA MEN DEEP Espresso Anti-Transpirant Deodorant Spray - 150ml",
      "brand": "Nivea for men",
      "category": "Drogisterij en baby",
      "unit_size": null,
      "offer_price": 6.49,
      "normal_price": 6.49,
      "price_per_unit": 43.27,
      "price_unit": "l",
      "discount_tag": "1+1 gratis",
      "promo_title": "Alle Nivea",
      "validity": "wo 17 t/m wo 31 dec",
      "image_url": "https://www.jumbo.com/dam-images/fit-in/360x360/Products/07082025_1754529934144_1754529934899_265734_STK_04005900632630_C1N1.png",
      "source_url": "https://www.jumbo.com/aanbiedingen/alle-nivea/3012408"
    },
    {
      "id": "523939POT",
      "name": "NIVEA Soft Crème - Hydrateert de huid - Bevat jojobaolie - Lichaams- en Handcrème - 200 ml",
      "brand": "Nivea",
      "category": "Drogisterij en baby",
      "unit_size": null,
      "offer_price": 6.49,
      "normal_price": 6.49,
      "price_per_unit": 32.45,
      "price_unit": "l",
      "discount_tag": "1+1 gratis",
      "promo_title": "Alle Nivea",
      "validity": "wo 17 t/m wo 31 dec",
      "image_url": "https://www.jumbo.com/dam-images/fit-in/360x360/Products/20052025_1747744434510_1747744438659_4005900963499_1.png",
      "source_url": "https://www.jumbo.com/aanbiedingen/alle-nivea/3012408"
    },
    {
      "id": "505793FLS",
      "name": "NIVEA Fresh Natural Deodorant Roller - Aluminiumvrij - 50ml",
      "brand": "Nivea",
      "category": "Drogisterij en baby",
      "unit_size": null,
      "offer_price": 5.69,
      "normal_price": 5.69,
      "price_per_unit": 113.8,
      "price_unit": "l",
      "discount_tag": "1+1 gratis",
      "promo_title": "Alle Nivea",
      "validity": "wo 17 t/m wo 31 dec",
      "image_url": "https://www.jumbo.com/dam-images/fit-in/360x360/Products/17072025_1752737663924_1752737666145_42345190_1.png",
      "source_url": "https://www.jumbo.com/aanbiedingen/alle-nivea/3012408"
    },
    {
      "id": "684985BUS",
      "name": "NIVEA Diamond Gloss Care Styling Spray 250ml",
      "brand": "Nivea",
      "category": "Drogisterij en baby",
      "unit_size": null,
      "offer_price": 7.29,
      "normal_price": 7.29,
      "price_per_unit": 29.16,
      "price_unit": "l",
      "discount_tag": "1+1 gratis",
      "promo_title": "Alle Nivea",
      "validity": "wo 17 t/m wo 31 dec",
      "image_url": "https://www.jumbo.com/dam-images/fit-in/360x360/Products/07032025_1741346155982_1741346165732_684985_BUS_04005900173904_C1N1.png",
      "source_url": "https://www.jumbo.com/aanbiedingen/alle-nivea/3012408"
    },
    {
      "id": "405774FLS",
      "name": "Nivea Hawaii Flower & Oil Fresh Care Shower 250 ml",
      "brand": "Nivea",
      "category": "Drogisterij en baby",
      "unit_size": null,
      "offer_price": 4.99,
      "normal_price": 4.99,
      "price_per_unit": 19.96,
      "price_unit": "l",
      "discount_tag": "1+1 gratis",
      "promo_title": "Alle Nivea",
      "validity": "wo 17 t/m wo 31 dec",
      "image_url": "https://www.jumbo.com/dam-images/fit-in/360x360/Products/04012024_1704339760549_1704339774271_405774_FLS_04005900804310_C1N1.png",
      "source_url": "https://www.jumbo.com/aanbiedingen/alle-nivea/3012408"
    },
    {
      "id": "198645STK",
      "name": "NIVEA Black &amp; White Invisible Clear Anti-Transpirant Roller - 50ml - Deodorant - Anti-vlekken - 72 uur bescherming",
      "brand": "Nivea",
      "category": "Drogisterij en baby",
      "unit_size": null,
      "offer_price": 6.29,
      "normal_price": 6.29,
      "price_per_unit": 125.8,
      "price_unit": "l",
      "discount_tag": "1+1 gratis",
      "promo_title": "Alle Nivea",
      "validity": "wo 17 t/m wo 31 dec",
      "image_url": "https://www.jumbo.com/dam-images/fit-in/360x360/Products/16072025_1752680047267_1752680050492_42345138_1.png",
      "source_url": "https://www.jumbo.com/aanbiedingen/alle-nivea/3012408"
    },
    {
      "id": "505593BUS",
      "name": "NIVEA MEN Black &amp; White Invisible Fresh Anti-Transpirant Spray - 150ml",
      "brand": "Nivea for men",
      "category": "Drogisterij en baby",
      "unit_size": null,
      "offer_price": 5.69,
      "normal_price": 5.69,
      "price_per_unit": 37.93,
      "price_unit": "l",
      "discount_tag": "1+1 gratis",
      "promo_title": "Alle Nivea",
      "validity": "wo 17 t/m wo 31 dec",
      "image_url": "https://www.jumbo.com/dam-images/fit-in/360x360/Products/16072025_1752680047625_1752680049798_4005900457721_1.png",
      "source_url": "https://www.jumbo.com/aanbiedingen/alle-nivea/3012408"
    },
    {
      "id": "206793STK",
      "name": "NIVEA Rich Care Shower Oil -  Hydraterende doucheolie - Met Vitamine C en E - 200ml",
      "brand": "Nivea",
      "category": "Drogisterij en baby",
      "unit_size": null,
      "offer_price": 7.69,
      "normal_price": 7.69,
      "price_per_unit": 38.45,
      "price_unit": "l",
      "discount_tag": "1+1 gratis",
      "promo_title": "Alle Nivea",
      "validity": "wo 17 t/m wo 31 dec",
      "image_url": "https://www.jumbo.com/dam-images/fit-in/360x360/Products/07082025_1754530280539_1754530282588_206793_STK_04005900804280_C1N1.png",
      "source_url": "https://www.jumbo.com/aanbiedingen/alle-nivea/3012408"
    },
    {
      "id": "684984TUB",
      "name": "Nivea Styling Gel Extra Strong 150 ml",
      "brand": "Nivea",
      "category": "Drogisterij en baby",
      "unit_size": null,
      "offer_price": 5.99,
      "normal_price": 5.99,
      "price_per_unit": 39.93,
      "price_unit": "l",
      "discount_tag": "1+1 gratis",
      "promo_title": "Alle Nivea",
      "validity": "wo 17 t/m wo 31 dec",
      "image_url": "https://www.jumbo.com/dam-images/fit-in/360x360/Products/07062025_1749260234650_1749260235477_684984_TUB_04005900173935_C1N1.png",
      "source_url": "https://www.jumbo.com/aanbiedingen/alle-nivea/3012408"
    },
    {
      "id": "507867FLS",
      "name": "NIVEA Verzorgende Oogmake-up Remover - 125ml",
      "brand": "Nivea",
      "category": "Drogisterij en baby",
      "unit_size": null,
      "offer_price": 8.19,
      "normal_price": 8.19,
      "price_per_unit": 65.52,
      "price_unit": "l",
      "discount_tag": "1+1 gratis",
      "promo_title": "Alle Nivea",
      "validity": "wo 17 t/m wo 31 dec",
      "image_url": "https://www.jumbo.com/dam-images/fit-in/360x360/Products/18082025_1755531251678_1755531254369_4005900516893_1.png",
      "source_url": "https://www.jumbo.com/aanbiedingen/alle-nivea/3012408"
    },
    {
      "id": "138529TUB",
      "name": "NIVEA Dagelijkse Reinigingsscrub - Zuivert de poriën - 150ml",
      "brand": "Nivea",
      "category": "Drogisterij en baby",
      "unit_size": null,
      "offer_price": 11.29,
      "normal_price": 11.29,
      "price_per_unit": 75.27,
      "price_unit": "l",
      "discount_tag": "1+1 gratis",
      "promo_title": "Alle Nivea",
      "validity": "wo 17 t/m wo 31 dec",
      "image_url": "https://www.jumbo.com/dam-images/fit-in/360x360/Products/13112025_1763003753539_1763003754479_138529_TUB_04005808979318_C1N1.png",
      "source_url": "https://www.jumbo.com/aanbiedingen/alle-nivea/3012408"
    },
    {
      "id": "588283BUS",
      "name": "Nivea Men Fresh Active Deodorant Spray 150 ml",
      "brand": "Nivea for men",
      "category": "Drogisterij en baby",
      "unit_size": null,
      "offer_price": 5.69,
      "normal_price": 5.69,
      "price_per_unit": 37.93,
      "price_unit": "l",
      "discount_tag": "1+1 gratis",
      "promo_title": "Alle Nivea",
      "validity": "wo 17 t/m wo 31 dec",
      "image_url": "https://www.jumbo.com/dam-images/fit-in/360x360/Products/26022025_1740539969872_1740539970544_588283_BUS_04006000049618_C1N1.png",
      "source_url": "https://www.jumbo.com/aanbiedingen/alle-nivea/3012408"
    },
    {
      "id": "202546STK",
      "name": "NIVEA MEN Dry Impact Anti-Transpirant Deodorant Roller - 50ml",
      "brand": "Nivea for men",
      "category": "Drogisterij en baby",
      "unit_size": null,
      "offer_price": 5.79,
      "normal_price": 5.79,
      "price_per_unit": 115.8,
      "price_unit": "l",
      "discount_tag": "1+1 gratis",
      "promo_title": "Alle Nivea",
      "validity": "wo 17 t/m wo 31 dec",
      "image_url": "https://www.jumbo.com/dam-images/fit-in/360x360/Products/19062025_1750350766614_1750350769732_42345084_1.png",
      "source_url": "https://www.jumbo.com/aanbiedingen/alle-nivea/3012408"
    },
    {
      "id": "433953BUS",
      "name": "NIVEA MEN Cool Kick Anti-Transpirant Spray - 150ml",
      "brand": "Nivea for men",
      "category": "Drogisterij en baby",
      "unit_size": null,
      "offer_price": 5.49,
      "normal_price": 5.49,
      "price_per_unit": 36.6,
      "price_unit": "l",
      "discount_tag": "1+1 gratis",
      "promo_title": "Alle Nivea",
      "validity": "wo 17 t/m wo 31 dec",
      "image_url": "https://www.jumbo.com/dam-images/fit-in/360x360/Products/16072025_1752658389416_1752658391984_4005900457509_1.png",
      "source_url": "https://www.jumbo.com/aanbiedingen/alle-nivea/3012408"
    },
    {
      "id": "198638STK",
      "name": "NIVEA MEN Stress Protect Anti-Transpirant Spray - Deodorant - 150ml",
      "brand": "Nivea for men",
      "category": "Drogisterij en baby",
      "unit_size": null,
      "offer_price": 5.69,
      "normal_price": 5.69,
      "price_per_unit": 37.93,
      "price_unit": "l",
      "discount_tag": "1+1 gratis",
      "promo_title": "Alle Nivea",
      "validity": "wo 17 t/m wo 31 dec",
      "image_url": "https://www.jumbo.com/dam-images/fit-in/360x360/Products/16072025_1752658388911_1752658392253_4005900457417_1.png",
      "source_url": "https://www.jumbo.com/aanbiedingen/alle-nivea/3012408"
    },
    {
      "id": "418593ZK",
      "name": "NIVEA 3-in1 Verfrissende Reinigingsdoekjes - 25 Stuks",
      "brand": "Nivea",
      "category": "Drogisterij en baby",
      "unit_size": null,
      "offer_price": 4.99,
      "normal_price": 4.99,
      "price_per_unit": 0.2,
      "price_unit": "pieces",
      "discount_tag": "1+1 gratis",
      "promo_title": "Alle Nivea",
      "validity": "wo 17 t/m wo 31 dec",
      "image_url": "https://www.jumbo.com/dam-images/fit-in/360x360/Products/06122025_1764989347521_1764989350033_418593_ZK_04005900777959_C1N1.png",
      "source_url": "https://www.jumbo.com/aanbiedingen/alle-nivea/3012408"
    },
    {
      "id": "172646FLS",
      "name": "Nivea MicellAir Skin Breathe Micellair Water Anti Residu Normale Huid 200 ml",
      "brand": "Nivea",
      "category": "Drogisterij en baby",
      "unit_size": null,
      "offer_price": 5.99,
      "normal_price": 5.99,
      "price_per_unit": 29.95,
      "price_unit": "l",
      "discount_tag": "1+1 gratis",
      "promo_title": "Alle Nivea",
      "validity": "wo 17 t/m wo 31 dec",
      "image_url": "https://www.jumbo.com/dam-images/fit-in/360x360/Products/27022024_1708999517743_1708999518458_172646_FLS_04005900229632_C1N1.png",
      "source_url": "https://www.jumbo.com/aanbiedingen/alle-nivea/3012408"
    },
    {
      "id": "198639STK",
      "name": "NIVEA MEN Black & White Invisible Original Anti-Transpirant Spray - 150ml - Geen witte of gele vlekken - Quickdry - Alcoholvrij - Beschermt 72 uur",
      "brand": "Nivea for men",
      "category": "Drogisterij en baby",
      "unit_size": null,
      "offer_price": 5.69,
      "normal_price": 5.69,
      "price_per_unit": 37.93,
      "price_unit": "l",
      "discount_tag": "1+1 gratis",
      "promo_title": "Alle Nivea",
      "validity": "wo 17 t/m wo 31 dec",
      "image_url": "https://www.jumbo.com/dam-images/fit-in/360x360/Products/19062025_1750350766488_1750350768649_4005900457394_1.png",
      "source_url": "https://www.jumbo.com/aanbiedingen/alle-nivea/3012408"
    },
    {
      "id": "202535STK",
      "name": "NIVEA Black &amp; White Invisible Original Anti-Transpirant Spray - 150ml",
      "brand": "Nivea",
      "category": "Drogisterij en baby",
      "unit_size": null,
      "offer_price": 6.29,
      "normal_price": 6.29,
      "price_per_unit": 41.93,
      "price_unit": "l",
      "discount_tag": "1+1 gratis",
      "promo_title": "Alle Nivea",
      "validity": "wo 17 t/m wo 31 dec",
      "image_url": "https://www.jumbo.com/dam-images/fit-in/360x360/Products/16072025_1752680047625_1752680049699_4005900457370_1.png",
      "source_url": "https://www.jumbo.com/aanbiedingen/alle-nivea/3012408"
    },
    {
      "id": "432188FLS",
      "name": "Nivea Men Sport Shower Gel 250ml",
      "brand": "Nivea for men",
      "category": "Drogisterij en baby",
      "unit_size": null,
      "offer_price": 5.49,
      "normal_price": 5.49,
      "price_per_unit": 21.96,
      "price_unit": "l",
      "discount_tag": "1+1 gratis",
      "promo_title": "Alle Nivea",
      "validity": "wo 17 t/m wo 31 dec",
      "image_url": "https://www.jumbo.com/dam-images/fit-in/360x360/Products/18102024_1729224494317_1729224498017_432188_FLS_04005808130610_C1N1.png",
      "source_url": "https://www.jumbo.com/aanbiedingen/alle-nivea/3012408"
    },
    {
      "id": "588282BUS",
      "name": "NIVEA MEN Dry Impact Anti-Transpirant Spray - 150ml",
      "brand": "Nivea for men",
      "category": "Drogisterij en baby",
      "unit_size": null,
      "offer_price": 5.69,
      "normal_price": 5.69,
      "price_per_unit": 37.93,
      "price_unit": "l",
      "discount_tag": "1+1 gratis",
      "promo_title": "Alle Nivea",
      "validity": "wo 17 t/m wo 31 dec",
      "image_url": "https://www.jumbo.com/dam-images/fit-in/360x360/Products/16072025_1752658389340_1752658392872_4006000049632_1.png",
      "source_url": "https://www.jumbo.com/aanbiedingen/alle-nivea/3012408"
    },
    {
      "id": "202544STK",
      "name": "NIVEA Black & White Invisible Fresh anti-transpirant 150ml",
      "brand": "Nivea",
      "category": "Drogisterij en baby",
      "unit_size": null,
      "offer_price": 5.69,
      "normal_price": 5.69,
      "price_per_unit": 37.93,
      "price_unit": "l",
      "discount_tag": "1+1 gratis",
      "promo_title": "Alle Nivea",
      "validity": "wo 17 t/m wo 31 dec",
      "image_url": "https://www.jumbo.com/dam-images/fit-in/360x360/Products/18092025_1758163231362_1758163231897_202544_STK_04005900457745_C1N1.png",
      "source_url": "https://www.jumbo.com/aanbiedingen/alle-nivea/3012408"
    },
    {
      "id": "503820DS",
      "name": "NIVEA Voedende Dagcrème SPF15 - 50ml - Gezichtscreme- Gezichtsverzorging - Met natuurlijke amandelolie  - Droge huid",
      "brand": "Nivea",
      "category": "Drogisterij en baby",
      "unit_size": null,
      "offer_price": 11.49,
      "normal_price": 11.49,
      "price_per_unit": 229.8,
      "price_unit": "l",
      "discount_tag": "1+1 gratis",
      "promo_title": "Alle Nivea",
      "validity": "wo 17 t/m wo 31 dec",
      "image_url": "https://www.jumbo.com/dam-images/fit-in/360x360/Products/18082025_1755531251507_1755531254454_4005900741301_1.png",
      "source_url": "https://www.jumbo.com/aanbiedingen/alle-nivea/3012408"
    },
    {
      "id": "707210FLS",
      "name": "Nivea Verzachtende Reinigingsmelk 200 ML",
      "brand": "Nivea",
      "category": "Drogisterij en baby",
      "unit_size": null,
      "offer_price": 7.99,
      "normal_price": 7.99,
      "price_per_unit": 39.95,
      "price_unit": "l",
      "discount_tag": "1+1 gratis",
      "promo_title": "Alle Nivea",
      "validity": "wo 17 t/m wo 31 dec",
      "image_url": "https://www.jumbo.com/dam-images/fit-in/360x360/Products/30062025_1751280333744_1751280336213_707210_FLS_04005900666062_C1N1.png",
      "source_url": "https://www.jumbo.com/aanbiedingen/alle-nivea/3012408"
    },
    {
      "id": "616926DS",
      "name": "NIVEA Voedende Dagcrème SPF30 - 50ml - Gezichtscreme - Met natuurlijke amandelolie  - Droge huid",
      "brand": "Nivea",
      "category": "Drogisterij en baby",
      "unit_size": null,
      "offer_price": 13.99,
      "normal_price": 13.99,
      "price_per_unit": 279.8,
      "price_unit": "l",
      "discount_tag": "1+1 gratis",
      "promo_title": "Alle Nivea",
      "validity": "wo 17 t/m wo 31 dec",
      "image_url": "https://www.jumbo.com/dam-images/fit-in/360x360/Products/18082025_1755534796860_1755534800493_4005900738738_1.png",
      "source_url": "https://www.jumbo.com/aanbiedingen/alle-nivea/3012408"
    },
    {
      "id": "198616STK",
      "name": "NIVEA MEN Fresh Active Anti-Transpirant - Deodorant Roller - 50ml",
      "brand": "Nivea for men",
      "category": "Drogisterij en baby",
      "unit_size": null,
      "offer_price": 5.79,
      "normal_price": 5.79,
      "price_per_unit": 115.8,
      "price_unit": "l",
      "discount_tag": "1+1 gratis",
      "promo_title": "Alle Nivea",
      "validity": "wo 17 t/m wo 31 dec",
      "image_url": "https://www.jumbo.com/dam-images/fit-in/360x360/Products/19062025_1750350766402_1750350769585_42345183_1.png",
      "source_url": "https://www.jumbo.com/aanbiedingen/alle-nivea/3012408"
    },
    {
      "id": "198637STK",
      "name": "NIVEA MEN Sport Anti-Transpirant Spray - 150ml",
      "brand": "Nivea for men",
      "category": "Drogisterij en baby",
      "unit_size": null,
      "offer_price": 5.69,
      "normal_price": 5.69,
      "price_per_unit": 37.93,
      "price_unit": "l",
      "discount_tag": "1+1 gratis",
      "promo_title": "Alle Nivea",
      "validity": "wo 17 t/m wo 31 dec",
      "image_url": "https://www.jumbo.com/dam-images/fit-in/360x360/Products/16072025_1752658388957_1752658391447_4005900457660_1.png",
      "source_url": "https://www.jumbo.com/aanbiedingen/alle-nivea/3012408"
    },
    {
      "id": "418282FLS",
      "name": "NIVEA Waterproof Oogmake-up Remover - 125ml -",
      "brand": "Nivea",
      "category": "Drogisterij en baby",
      "unit_size": null,
      "offer_price": 8.19,
      "normal_price": 8.19,
      "price_per_unit": 65.52,
      "price_unit": "l",
      "discount_tag": "1+1 gratis",
      "promo_title": "Alle Nivea",
      "validity": "wo 17 t/m wo 31 dec",
      "image_url": "https://www.jumbo.com/dam-images/fit-in/360x360/Products/18082025_1755531251347_1755531254128_4005900666246_1.png",
      "source_url": "https://www.jumbo.com/aanbiedingen/alle-nivea/3012408"
    },
    {
      "id": "690060FLS",
      "name": "NIVEA Satin Sensation Anti-Transpirant Roller - 50ml",
      "brand": "Nivea",
      "category": "Drogisterij en baby",
      "unit_size": null,
      "offer_price": 5.49,
      "normal_price": 5.49,
      "price_per_unit": 109.8,
      "price_unit": "l",
      "discount_tag": "1+1 gratis",
      "promo_title": "Alle Nivea",
      "validity": "wo 17 t/m wo 31 dec",
      "image_url": "https://www.jumbo.com/dam-images/fit-in/360x360/Products/17072025_1752715629841_1752715630372_690060_FLS_00000042246640_C1N1.png",
      "source_url": "https://www.jumbo.com/aanbiedingen/alle-nivea/3012408"
    },
    {
      "id": "202530STK",
      "name": "NIVEA Fresh Natural Deodorant Spray - 150ml",
      "brand": "Nivea",
      "category": "Drogisterij en baby",
      "unit_size": null,
      "offer_price": 5.69,
      "normal_price": 5.69,
      "price_per_unit": 37.93,
      "price_unit": "l",
      "discount_tag": "1+1 gratis",
      "promo_title": "Alle Nivea",
      "validity": "wo 17 t/m wo 31 dec",
      "image_url": "https://www.jumbo.com/dam-images/fit-in/360x360/Products/16072025_1752680047529_1752680049684_4005900457257_1.png",
      "source_url": "https://www.jumbo.com/aanbiedingen/alle-nivea/3012408"
    },
    {
      "id": "363477DS",
      "name": "NIVEA MEN Protect & Care Hydraterende Gezichtscrème - 75ml",
      "brand": "Nivea for men",
      "category": "Drogisterij en baby",
      "unit_size": null,
      "offer_price": 17.99,
      "normal_price": 17.99,
      "price_per_unit": 239.87,
      "price_unit": "l",
      "discount_tag": "1+1 gratis",
      "promo_title": "Alle Nivea",
      "validity": "wo 17 t/m wo 31 dec",
      "image_url": "https://www.jumbo.com/dam-images/fit-in/360x360/Products/19082025_1755603161912_1755603164967_4005808223411_1.png",
      "source_url": "https://www.jumbo.com/aanbiedingen/alle-nivea/3012408"
    },
    {
      "id": "155734POT",
      "name": "NIVEA MEN Crème Blik - 150ml - Voor gezicht, lichaam en handen - Lichte Formule - Met vitamine E - Trekt Snel In",
      "brand": "Nivea for men",
      "category": "Drogisterij en baby",
      "unit_size": null,
      "offer_price": 10.49,
      "normal_price": 10.49,
      "price_per_unit": 69.93,
      "price_unit": "l",
      "discount_tag": "1+1 gratis",
      "promo_title": "Alle Nivea",
      "validity": "wo 17 t/m wo 31 dec",
      "image_url": "https://www.jumbo.com/dam-images/fit-in/360x360/Products/19082025_1755603161632_1755603164750_4005900115775_1.png",
      "source_url": "https://www.jumbo.com/aanbiedingen/alle-nivea/3012408"
    },
    {
      "id": "588281BUS",
      "name": "NIVEA Dry Comfort Anti-Transpirant Spray - 150ml - Deodorant - Alcoholvrij - 72 uur bescherming",
      "brand": "Nivea",
      "category": "Drogisterij en baby",
      "unit_size": null,
      "offer_price": 5.69,
      "normal_price": 5.69,
      "price_per_unit": 37.93,
      "price_unit": "l",
      "discount_tag": "1+1 gratis",
      "promo_title": "Alle Nivea",
      "validity": "wo 17 t/m wo 31 dec",
      "image_url": "https://www.jumbo.com/dam-images/fit-in/360x360/Products/16072025_1752680047858_1752680050061_4006000049656_1.png",
      "source_url": "https://www.jumbo.com/aanbiedingen/alle-nivea/3012408"
    },
    {
      "id": "202908STK",
      "name": "NIVEA MEN Spray Dry Fresh 150 ml",
      "brand": "Nivea for men",
      "category": "Drogisterij en baby",
      "unit_size": null,
      "offer_price": 5.49,
      "normal_price": 5.49,
      "price_per_unit": 36.6,
      "price_unit": "l",
      "discount_tag": "1+1 gratis",
      "promo_title": "Alle Nivea",
      "validity": "wo 17 t/m wo 31 dec",
      "image_url": "https://www.jumbo.com/dam-images/fit-in/360x360/Products/19112025_1763534295129_1763534295894_202908_STK_04005900486646_C1N1.png",
      "source_url": "https://www.jumbo.com/aanbiedingen/alle-nivea/3012408"
    },
    {
      "id": "202489STK",
      "name": "Nivea Handcrème Repair 100 ml",
      "brand": "Nivea",
      "category": "Drogisterij en baby",
      "unit_size": null,
      "offer_price": 6.79,
      "normal_price": 6.79,
      "price_per_unit": 67.9,
      "price_unit": "l",
      "discount_tag": "1+1 gratis",
      "promo_title": "Alle Nivea",
      "validity": "wo 17 t/m wo 31 dec",
      "image_url": "https://www.jumbo.com/dam-images/fit-in/360x360/Products/03022024_1706925740961_1706925742630_202489_STK_04005900701503_C1N1.png",
      "source_url": "https://www.jumbo.com/aanbiedingen/alle-nivea/3012408"
    },
    {
      "id": "503818DS",
      "name": "NIVEA Hydraterende Dagcrème SPF15 - 50ml - Gezichtscreme - Met vitamine E - Normale huid",
      "brand": "Nivea",
      "category": "Drogisterij en baby",
      "unit_size": null,
      "offer_price": 11.49,
      "normal_price": 11.49,
      "price_per_unit": 229.8,
      "price_unit": "l",
      "discount_tag": "1+1 gratis",
      "promo_title": "Alle Nivea",
      "validity": "wo 17 t/m wo 31 dec",
      "image_url": "https://www.jumbo.com/dam-images/fit-in/360x360/Products/18082025_1755531251412_1755531254396_4005900741240_1.png",
      "source_url": "https://www.jumbo.com/aanbiedingen/alle-nivea/3012408"
    },
    {
      "id": "661271BUS",
      "name": "Nivea Men Protect & Care Verzorgende Scheerschuim 250 ML",
      "brand": "Nivea for men",
      "category": "Drogisterij en baby",
      "unit_size": null,
      "offer_price": 5.29,
      "normal_price": 5.29,
      "price_per_unit": 21.16,
      "price_unit": "l",
      "discount_tag": "1+1 gratis",
      "promo_title": "Alle Nivea",
      "validity": "wo 17 t/m wo 31 dec",
      "image_url": "https://www.jumbo.com/dam-images/fit-in/360x360/Products/27052025_1748308771329_1748308771986_661271_BUS_04006000100968_C1N1.png",
      "source_url": "https://www.jumbo.com/aanbiedingen/alle-nivea/3012408"
    },
    {
      "id": "662486FLS",
      "name": "Nivea Men Sensitive 3 In 1 Shower Gel 250 ML",
      "brand": "Nivea for men",
      "category": "Drogisterij en baby",
      "unit_size": null,
      "offer_price": 5.79,
      "normal_price": 5.79,
      "price_per_unit": 23.16,
      "price_unit": "l",
      "discount_tag": "1+1 gratis",
      "promo_title": "Alle Nivea",
      "validity": "wo 17 t/m wo 31 dec",
      "image_url": "https://www.jumbo.com/dam-images/fit-in/360x360/Products/22102025_1761096667689_1761096669512_662486_FLS_04005808130573_C1N1.png",
      "source_url": "https://www.jumbo.com/aanbiedingen/alle-nivea/3012408"
    },
    {
      "id": "512293DS",
      "name": "Nivea Men Protect & Care Intensieve Hydraterende CrÃ¨me 50 ml",
      "brand": "Nivea for men",
      "category": "Drogisterij en baby",
      "unit_size": null,
      "offer_price": 13.99,
      "normal_price": 13.99,
      "price_per_unit": 279.8,
      "price_unit": "l",
      "discount_tag": "1+1 gratis",
      "promo_title": "Alle Nivea",
      "validity": "wo 17 t/m wo 31 dec",
      "image_url": "https://www.jumbo.com/dam-images/fit-in/360x360/Products/19122024_1734575735427_1734575750373_512293_DS_04005808223701_C1N1.png",
      "source_url": "https://www.jumbo.com/aanbiedingen/alle-nivea/3012408"
    },
    {
      "id": "87168FLS",
      "name": "Nivea Q10 Power Anti-Rimpel OogcontourcrÃ¨me 15 ml",
      "brand": "Nivea",
      "category": "Drogisterij en baby",
      "unit_size": null,
      "offer_price": 26.99,
      "normal_price": 26.99,
      "price_per_unit": 1799.33,
      "price_unit": "l",
      "discount_tag": "1+1 gratis",
      "promo_title": "Alle Nivea",
      "validity": "wo 17 t/m wo 31 dec",
      "image_url": "https://www.jumbo.com/dam-images/fit-in/360x360/Products/17012025_1737080214815_1737080215541_87168_FLS_04005808760244_C1N1.png",
      "source_url": "https://www.jumbo.com/aanbiedingen/alle-nivea/3012408"
    },
    {
      "id": "531987FLS",
      "name": "NIVEA MEN Protect & Care Aftershave Balsem - 100ml",
      "brand": "Nivea for men",
      "category": "Drogisterij en baby",
      "unit_size": null,
      "offer_price": 10.99,
      "normal_price": 10.99,
      "price_per_unit": 109.9,
      "price_unit": "l",
      "discount_tag": "1+1 gratis",
      "promo_title": "Alle Nivea",
      "validity": "wo 17 t/m wo 31 dec",
      "image_url": "https://www.jumbo.com/dam-images/fit-in/360x360/Products/19082025_1755596075126_1755596079022_8715200813009_1.png",
      "source_url": "https://www.jumbo.com/aanbiedingen/alle-nivea/3012408"
    },
    {
      "id": "303345FLS",
      "name": "NIVEA Double Effect Waterproof Oogmake-up Remover - 125ml",
      "brand": "Nivea",
      "category": "Drogisterij en baby",
      "unit_size": null,
      "offer_price": 8.19,
      "normal_price": 8.19,
      "price_per_unit": 65.52,
      "price_unit": "l",
      "discount_tag": "1+1 gratis",
      "promo_title": "Alle Nivea",
      "validity": "wo 17 t/m wo 31 dec",
      "image_url": "https://www.jumbo.com/dam-images/fit-in/360x360/Products/18082025_1755513198139_1755513202038_4005900681973_1.png",
      "source_url": "https://www.jumbo.com/aanbiedingen/alle-nivea/3012408"
    },
    {
      "id": "202534STK",
      "name": "NIVEA Pearl &amp; Beauty Anti-Transpirant Spray - 150ml",
      "brand": "Nivea",
      "category": "Drogisterij en baby",
      "unit_size": null,
      "offer_price": 5.69,
      "normal_price": 5.69,
      "price_per_unit": 37.93,
      "price_unit": "l",
      "discount_tag": "1+1 gratis",
      "promo_title": "Alle Nivea",
      "validity": "wo 17 t/m wo 31 dec",
      "image_url": "https://www.jumbo.com/dam-images/fit-in/360x360/Products/07082025_1754531093502_1754531101888_202534_STK_04005900457608_H1N1.png",
      "source_url": "https://www.jumbo.com/aanbiedingen/alle-nivea/3012408"
    },
    {
      "id": "523940TUB",
      "name": "Nivea Soft Hydraterende Crème 75 ml",
      "brand": "Nivea",
      "category": "Drogisterij en baby",
      "unit_size": null,
      "offer_price": 3.99,
      "normal_price": 3.99,
      "price_per_unit": 53.2,
      "price_unit": "l",
      "discount_tag": "1+1 gratis",
      "promo_title": "Alle Nivea",
      "validity": "wo 17 t/m wo 31 dec",
      "image_url": "https://www.jumbo.com/dam-images/fit-in/360x360/Products/03022024_1706930672554_1706930673186_523940_TUB_04005900963550_C1N1.png",
      "source_url": "https://www.jumbo.com/aanbiedingen/alle-nivea/3012408"
    },
    {
      "id": "507999FLS",
      "name": "Nivea Protect & Care 500ML",
      "brand": "Nivea",
      "category": "Drogisterij en baby",
      "unit_size": null,
      "offer_price": 9.19,
      "normal_price": 9.19,
      "price_per_unit": 18.38,
      "price_unit": "l",
      "discount_tag": "1+1 gratis",
      "promo_title": "Alle Nivea",
      "validity": "wo 17 t/m wo 31 dec",
      "image_url": "https://www.jumbo.com/dam-images/fit-in/360x360/Products/30072025_1753844102888_1753844103602_507999_FLS_04005900368539_C1N1.png",
      "source_url": "https://www.jumbo.com/aanbiedingen/alle-nivea/3012408"
    },
    {
      "id": "198618STK",
      "name": "NIVEA MEN Black & White Invisible Original Anti-Transpirant Deo Roller - 50ml",
      "brand": "Nivea for men",
      "category": "Drogisterij en baby",
      "unit_size": null,
      "offer_price": 5.79,
      "normal_price": 5.79,
      "price_per_unit": 115.8,
      "price_unit": "l",
      "discount_tag": "1+1 gratis",
      "promo_title": "Alle Nivea",
      "validity": "wo 17 t/m wo 31 dec",
      "image_url": "https://www.jumbo.com/dam-images/fit-in/360x360/Products/19062025_1750350766609_1750350769295_42345145_1.png",
      "source_url": "https://www.jumbo.com/aanbiedingen/alle-nivea/3012408"
    },
    {
      "id": "507412BUS",
      "name": "NIVEA MEN Deep Black Carbon Beat Anti-Transpirant Spray - 150ml",
      "brand": "Nivea",
      "category": "Drogisterij en baby",
      "unit_size": null,
      "offer_price": 6.07,
      "normal_price": 6.07,
      "price_per_unit": 40.47,
      "price_unit": "l",
      "discount_tag": "1+1 gratis",
      "promo_title": "Alle Nivea",
      "validity": "wo 17 t/m wo 31 dec",
      "image_url": "https://www.jumbo.com/dam-images/fit-in/360x360/Products/16072025_1752658389076_1752658391755_4005900874672_1.png",
      "source_url": "https://www.jumbo.com/aanbiedingen/alle-nivea/3012408"
    },
    {
      "id": "506006FLS",
      "name": "NIVEA Crème Protect Douchecrème - 250ml",
      "brand": "Nivea",
      "category": "Drogisterij en baby",
      "unit_size": null,
      "offer_price": 5.49,
      "normal_price": 5.49,
      "price_per_unit": 21.96,
      "price_unit": "l",
      "discount_tag": "1+1 gratis",
      "promo_title": "Alle Nivea",
      "validity": "wo 17 t/m wo 31 dec",
      "image_url": "https://www.jumbo.com/dam-images/fit-in/360x360/Products/21082025_1755790436916_1755790439930_4005900934819_1.png",
      "source_url": "https://www.jumbo.com/aanbiedingen/alle-nivea/3012408"
    },
    {
      "id": "557617DS",
      "name": "NIVEA Q10 Power Anti-Rimpel Nachtcrème - 50ml",
      "brand": "Nivea",
      "category": "Drogisterij en baby",
      "unit_size": null,
      "offer_price": 23.99,
      "normal_price": 23.99,
      "price_per_unit": 479.8,
      "price_unit": "l",
      "discount_tag": "1+1 gratis",
      "promo_title": "Alle Nivea",
      "validity": "wo 17 t/m wo 31 dec",
      "image_url": "https://www.jumbo.com/dam-images/fit-in/360x360/Products/18082025_1755534796811_1755534800997_4005808966875_1.png",
      "source_url": "https://www.jumbo.com/aanbiedingen/alle-nivea/3012408"
    },
    {
      "id": "706667FLS",
      "name": "Nivea Men Strong Power Shampoo 250 ML",
      "brand": "Nivea for men",
      "category": "Drogisterij en baby",
      "unit_size": null,
      "offer_price": 4.69,
      "normal_price": 4.69,
      "price_per_unit": 18.76,
      "price_unit": "l",
      "discount_tag": "1+1 gratis",
      "promo_title": "Alle Nivea",
      "validity": "wo 17 t/m wo 31 dec",
      "image_url": "https://www.jumbo.com/dam-images/fit-in/360x360/Products/16072025_1752633569327_1752633570225_706667_FLS_04006000166070_C1N1.png",
      "source_url": "https://www.jumbo.com/aanbiedingen/alle-nivea/3012408"
    },
    {
      "id": "663397FLS",
      "name": "NIVEA Verzorgende Body Milk - met Hyaluronzuur Zachte Amandel Olie en Voedend serum - Body Melk met 72 Uur Hydratatie - Voor Droge tot Zeer Droge Huid - 250ml",
      "brand": "Nivea",
      "category": "Drogisterij en baby",
      "unit_size": null,
      "offer_price": 8.29,
      "normal_price": 8.29,
      "price_per_unit": 33.16,
      "price_unit": "l",
      "discount_tag": "1+1 gratis",
      "promo_title": "Alle Nivea",
      "validity": "wo 17 t/m wo 31 dec",
      "image_url": "https://www.jumbo.com/dam-images/fit-in/360x360/Products/20052025_1747744435289_1747744439680_4006000078915_1.png",
      "source_url": "https://www.jumbo.com/aanbiedingen/alle-nivea/3012408"
    },
    {
      "id": "418594ZK",
      "name": "NIVEA 3-in-1 Verzachtende Reinigingsdoekjes - 25 Stuks",
      "brand": "Nivea",
      "category": "Drogisterij en baby",
      "unit_size": null,
      "offer_price": 4.99,
      "normal_price": 4.99,
      "price_per_unit": 0.2,
      "price_unit": "pieces",
      "discount_tag": "1+1 gratis",
      "promo_title": "Alle Nivea",
      "validity": "wo 17 t/m wo 31 dec",
      "image_url": "https://www.jumbo.com/dam-images/fit-in/360x360/Products/18082025_1755513198477_1755513201753_4005900777973_1.png",
      "source_url": "https://www.jumbo.com/aanbiedingen/alle-nivea/3012408"
    },
    {
      "id": "467611BUS",
      "name": "Nivea Men Sensitive Scheergel 200 ml",
      "brand": "Nivea for men",
      "category": "Drogisterij en baby",
      "unit_size": null,
      "offer_price": 5.29,
      "normal_price": 5.29,
      "price_per_unit": 26.45,
      "price_unit": "l",
      "discount_tag": "1+1 gratis",
      "promo_title": "Alle Nivea",
      "validity": "wo 17 t/m wo 31 dec",
      "image_url": "https://www.jumbo.com/dam-images/fit-in/360x360/Products/17012024_1705467177851_1705467179269_467611_BUS_04005900630346_C1N1.png",
      "source_url": "https://www.jumbo.com/aanbiedingen/alle-nivea/3012408"
    },
    {
      "id": "684980BUS",
      "name": "NIVEA Volume Care Styling Spray 250ml",
      "brand": "Nivea",
      "category": "Drogisterij en baby",
      "unit_size": null,
      "offer_price": 7.29,
      "normal_price": 7.29,
      "price_per_unit": 29.16,
      "price_unit": "l",
      "discount_tag": "1+1 gratis",
      "promo_title": "Alle Nivea",
      "validity": "wo 17 t/m wo 31 dec",
      "image_url": "https://www.jumbo.com/dam-images/fit-in/360x360/Products/07032025_1741345780345_1741345781096_684980_BUS_04005900173843_C1N1.png",
      "source_url": "https://www.jumbo.com/aanbiedingen/alle-nivea/3012408"
    },
    {
      "id": "202533STK",
      "name": "Nivea Anti-Transpirant Double Effect 150 ml",
      "brand": "Nivea",
      "category": "Drogisterij en baby",
      "unit_size": null,
      "offer_price": 6.29,
      "normal_price": 6.29,
      "price_per_unit": 41.93,
      "price_unit": "l",
      "discount_tag": "1+1 gratis",
      "promo_title": "Alle Nivea",
      "validity": "wo 17 t/m wo 31 dec",
      "image_url": "https://www.jumbo.com/dam-images/fit-in/360x360/Products/26022025_1740546732669_1740546733977_202533_STK_04005900457646_C1N1.png",
      "source_url": "https://www.jumbo.com/aanbiedingen/alle-nivea/3012408"
    },
    {
      "id": "432742FLS",
      "name": "Nivea Men Energy Shower Gel 250ml",
      "brand": "Nivea for men",
      "category": "Drogisterij en baby",
      "unit_size": null,
      "offer_price": 5.49,
      "normal_price": 5.49,
      "price_per_unit": 21.96,
      "price_unit": "l",
      "discount_tag": "1+1 gratis",
      "promo_title": "Alle Nivea",
      "validity": "wo 17 t/m wo 31 dec",
      "image_url": "https://www.jumbo.com/dam-images/fit-in/360x360/Products/19112025_1763532804864_1763532806306_432742_FLS_04005808130115_C1N1.png",
      "source_url": "https://www.jumbo.com/aanbiedingen/alle-nivea/3012408"
    },
    {
      "id": "399989DS",
      "name": "NIVEA Verzachtende Dagcrème SPF15 - 50ml - Hydraterend - Natuurlijke druivenpitolie - Geen Parfum - Gevoelige huid",
      "brand": "Nivea",
      "category": "Drogisterij en baby",
      "unit_size": null,
      "offer_price": 11.99,
      "normal_price": 11.99,
      "price_per_unit": 239.8,
      "price_unit": "l",
      "discount_tag": "1+1 gratis",
      "promo_title": "Alle Nivea",
      "validity": "wo 17 t/m wo 31 dec",
      "image_url": "https://www.jumbo.com/dam-images/fit-in/360x360/Products/18082025_1755534796618_1755534799702_4005900738820_1.png",
      "source_url": "https://www.jumbo.com/aanbiedingen/alle-nivea/3012408"
    },
    {
      "id": "684981BUS",
      "name": "NIVEA Volume Care Styling Mousse 150ml",
      "brand": "Nivea",
      "category": "Drogisterij en baby",
      "unit_size": null,
      "offer_price": 7.29,
      "normal_price": 7.29,
      "price_per_unit": 48.6,
      "price_unit": "l",
      "discount_tag": "1+1 gratis",
      "promo_title": "Alle Nivea",
      "validity": "wo 17 t/m wo 31 dec",
      "image_url": "https://www.jumbo.com/dam-images/fit-in/360x360/Products/07032025_1741345788735_1741345789396_684981_BUS_04005900174178_C1N1.png",
      "source_url": "https://www.jumbo.com/aanbiedingen/alle-nivea/3012408"
    },
    {
      "id": "180835STK",
      "name": "Nivea Care Voedend 200 ml",
      "brand": "Nivea",
      "category": "Drogisterij en baby",
      "unit_size": null,
      "offer_price": 7.89,
      "normal_price": 7.89,
      "price_per_unit": 39.45,
      "price_unit": "l",
      "discount_tag": "1+1 gratis",
      "promo_title": "Alle Nivea",
      "validity": "wo 17 t/m wo 31 dec",
      "image_url": "https://www.jumbo.com/dam-images/fit-in/360x360/Products/09082023_1691587305581_1691587315844_42289524_1.png",
      "source_url": "https://www.jumbo.com/aanbiedingen/alle-nivea/3012408"
    },
    {
      "id": "566779BUS",
      "name": "NIVEA MEN Fresh Sensation Anti-Transpirant Spray - 150ml",
      "brand": "Nivea for men",
      "category": "Drogisterij en baby",
      "unit_size": null,
      "offer_price": 5.69,
      "normal_price": 5.69,
      "price_per_unit": 37.93,
      "price_unit": "l",
      "discount_tag": "1+1 gratis",
      "promo_title": "Alle Nivea",
      "validity": "wo 17 t/m wo 31 dec",
      "image_url": "https://www.jumbo.com/dam-images/fit-in/360x360/Products/18072025_1752800541913_1752800542654_566779_BUS_04006000011332_C1N1.png",
      "source_url": "https://www.jumbo.com/aanbiedingen/alle-nivea/3012408"
    },
    {
      "id": "202893STK",
      "name": "NIVEA MEN DEEP Darkwood Anti-Transpirant Deo Roller - 50ml",
      "brand": "Nivea for men",
      "category": "Drogisterij en baby",
      "unit_size": null,
      "offer_price": 6.59,
      "normal_price": 6.59,
      "price_per_unit": 131.8,
      "price_unit": "l",
      "discount_tag": "1+1 gratis",
      "promo_title": "Alle Nivea",
      "validity": "wo 17 t/m wo 31 dec",
      "image_url": "https://www.jumbo.com/dam-images/fit-in/360x360/Products/19112025_1763526169847_1763526170814_202893_STK_00000042349860_C1N1.png",
      "source_url": "https://www.jumbo.com/aanbiedingen/alle-nivea/3012408"
    },
    {
      "id": "684982POT",
      "name": "NIVEA Care & Hold Styling Creme Gel 150ml",
      "brand": "Nivea",
      "category": "Drogisterij en baby",
      "unit_size": null,
      "offer_price": 5.99,
      "normal_price": 5.99,
      "price_per_unit": 39.93,
      "price_unit": "l",
      "discount_tag": "1+1 gratis",
      "promo_title": "Alle Nivea",
      "validity": "wo 17 t/m wo 31 dec",
      "image_url": "https://www.jumbo.com/dam-images/fit-in/360x360/Products/07032025_1741345798611_1741345815959_684982_POT_04005900183231_C1N1.png",
      "source_url": "https://www.jumbo.com/aanbiedingen/alle-nivea/3012408"
    },
    {
      "id": "420062DS",
      "name": "NIVEA Verzachtende Nachtcrème - 50ml - Ongeparfumeerd en PH-neutraal - Met natuurlijke druivenpitolie - Gevoelige huid",
      "brand": "Nivea",
      "category": "Drogisterij en baby",
      "unit_size": null,
      "offer_price": 11.99,
      "normal_price": 11.99,
      "price_per_unit": 239.8,
      "price_unit": "l",
      "discount_tag": "1+1 gratis",
      "promo_title": "Alle Nivea",
      "validity": "wo 17 t/m wo 31 dec",
      "image_url": "https://www.jumbo.com/dam-images/fit-in/360x360/Products/18082025_1755534796602_1755534799842_4005900738912_1.png",
      "source_url": "https://www.jumbo.com/aanbiedingen/alle-nivea/3012408"
    },
    {
      "id": "303342FLS",
      "name": "NIVEA Oogmake-up Reinigingslotion - 125ml",
      "brand": "Nivea",
      "category": "Drogisterij en baby",
      "unit_size": null,
      "offer_price": 7.19,
      "normal_price": 7.19,
      "price_per_unit": 57.52,
      "price_unit": "l",
      "discount_tag": "1+1 gratis",
      "promo_title": "Alle Nivea",
      "validity": "wo 17 t/m wo 31 dec",
      "image_url": "https://www.jumbo.com/dam-images/fit-in/360x360/Products/18082025_1755513198158_1755513201162_4005900666154_1.png",
      "source_url": "https://www.jumbo.com/aanbiedingen/alle-nivea/3012408"
    },
    {
      "id": "433972ZK",
      "name": "NIVEA 3-in-1 Sensitive Reinigingsdoekjes - 25 stuks - Make-up Remover Doekjes - Gezichtsreiniger - Voor de gevoelige huid",
      "brand": "Nivea",
      "category": "Drogisterij en baby",
      "unit_size": null,
      "offer_price": 4.99,
      "normal_price": 4.99,
      "price_per_unit": 0.2,
      "price_unit": "pieces",
      "discount_tag": "1+1 gratis",
      "promo_title": "Alle Nivea",
      "validity": "wo 17 t/m wo 31 dec",
      "image_url": "https://www.jumbo.com/dam-images/fit-in/360x360/Products/18082025_1755527557327_1755527560546_4005900777997_1.png",
      "source_url": "https://www.jumbo.com/aanbiedingen/alle-nivea/3012408"
    },
    {
      "id": "198619STK",
      "name": "NIVEA MEN Protect & Care Anti-Transpirant Roller - 50ml",
      "brand": "Nivea for men",
      "category": "Drogisterij en baby",
      "unit_size": null,
      "offer_price": 5.79,
      "normal_price": 5.79,
      "price_per_unit": 115.8,
      "price_unit": "l",
      "discount_tag": "1+1 gratis",
      "promo_title": "Alle Nivea",
      "validity": "wo 17 t/m wo 31 dec",
      "image_url": "https://www.jumbo.com/dam-images/fit-in/360x360/Products/16072025_1752680047225_1752680049547_42345305_1.png",
      "source_url": "https://www.jumbo.com/aanbiedingen/alle-nivea/3012408"
    },
    {
      "id": "303344FLS",
      "name": "NIVEA Verfrissende Reinigingsgel - 150ml - Gezichtsreiniger - Met Vitamine C & E - Voor de normale huid",
      "brand": "Nivea",
      "category": "Drogisterij en baby",
      "unit_size": null,
      "offer_price": 11.77,
      "normal_price": 11.77,
      "price_per_unit": 78.47,
      "price_unit": "l",
      "discount_tag": "1+1 gratis",
      "promo_title": "Alle Nivea",
      "validity": "wo 17 t/m wo 31 dec",
      "image_url": "https://www.jumbo.com/dam-images/fit-in/360x360/Products/18082025_1755513198230_1755513201190_4005900681942_1.png",
      "source_url": "https://www.jumbo.com/aanbiedingen/alle-nivea/3012408"
    },
    {
      "id": "489489POT",
      "name": "NIVEA Crème Blik - 250ml - Voor Gezicht, Handen en Lichaam - 48H Hydratatie - Bodycrème",
      "brand": "Nivea",
      "category": "Drogisterij en baby",
      "unit_size": null,
      "offer_price": 7.39,
      "normal_price": 7.39,
      "price_per_unit": 29.56,
      "price_unit": "l",
      "discount_tag": "1+1 gratis",
      "promo_title": "Alle Nivea",
      "validity": "wo 17 t/m wo 31 dec",
      "image_url": "https://www.jumbo.com/dam-images/fit-in/360x360/Products/04092025_1756985589019_1756985593205_4005900946195_1.png",
      "source_url": "https://www.jumbo.com/aanbiedingen/alle-nivea/3012408"
    },
    {
      "id": "710650DS",
      "name": "NIVEA Verfrissende Reinigingsmelk - 200ml - Normale tot droge huid - Vitamine E - Make-up Remover - Gezichtsreiniger",
      "brand": "Nivea",
      "category": "Drogisterij en baby",
      "unit_size": null,
      "offer_price": 7.99,
      "normal_price": 7.99,
      "price_per_unit": 39.95,
      "price_unit": "l",
      "discount_tag": "1+1 gratis",
      "promo_title": "Alle Nivea",
      "validity": "wo 17 t/m wo 31 dec",
      "image_url": "https://www.jumbo.com/dam-images/fit-in/360x360/Products/18082025_1755509581198_1755509583613_4005900666031_1.png",
      "source_url": "https://www.jumbo.com/aanbiedingen/alle-nivea/3012408"
    },
    {
      "id": "261832STK",
      "name": "NIVEA Soothing Micellair Water - 200ml",
      "brand": "Nivea",
      "category": "Drogisterij en baby",
      "unit_size": null,
      "offer_price": 5.99,
      "normal_price": 5.99,
      "price_per_unit": 29.95,
      "price_unit": "l",
      "discount_tag": "1+1 gratis",
      "promo_title": "Alle Nivea",
      "validity": "wo 17 t/m wo 31 dec",
      "image_url": "https://www.jumbo.com/dam-images/fit-in/360x360/Products/18082025_1755531251199_1755531253681_4005900532565_1.png",
      "source_url": "https://www.jumbo.com/aanbiedingen/alle-nivea/3012408"
    },
    {
      "id": "512377FLS",
      "name": "Nivea Men Verzorgende Shampoo Strong Power 250 ml",
      "brand": "Nivea for men",
      "category": "Drogisterij en baby",
      "unit_size": null,
      "offer_price": 4.69,
      "normal_price": 4.69,
      "price_per_unit": 18.76,
      "price_unit": "l",
      "discount_tag": "1+1 gratis",
      "promo_title": "Alle Nivea",
      "validity": "wo 17 t/m wo 31 dec",
      "image_url": "https://www.jumbo.com/dam-images/fit-in/360x360/Products/18092023_1695044252495_1695044259054_4005808255788_1.png",
      "source_url": "https://www.jumbo.com/aanbiedingen/alle-nivea/3012408"
    },
    {
      "id": "198634STK",
      "name": "NIVEA MEN Sensitive Protect Anti-Transpirant Spray - 150ml",
      "brand": "Nivea for men",
      "category": "Drogisterij en baby",
      "unit_size": null,
      "offer_price": 6.49,
      "normal_price": 6.49,
      "price_per_unit": 43.27,
      "price_unit": "l",
      "discount_tag": "1+1 gratis",
      "promo_title": "Alle Nivea",
      "validity": "wo 17 t/m wo 31 dec",
      "image_url": "https://www.jumbo.com/dam-images/fit-in/360x360/Products/03102025_1759456039637_1759456040225_198634_STK_04006000170770_C1N1.png",
      "source_url": "https://www.jumbo.com/aanbiedingen/alle-nivea/3012408"
    },
    {
      "id": "620977ZK",
      "name": "Dreft Platinum All In One Vaatwastabletten, Original, 39 Capsules",
      "brand": "Dreft",
      "category": "Huishouden en dieren",
      "unit_size": null,
      "offer_price": 20.39,
      "normal_price": 20.39,
      "price_per_unit": 0.52,
      "price_unit": "pieces",
      "discount_tag": "1+1 gratis",
      "promo_title": "Alle Dreft",
      "validity": "wo 17 t/m wo 31 dec",
      "image_url": "https://www.jumbo.com/dam-images/fit-in/360x360/Products/10122025_1765334861608_1765334868368_620977_ZK_08700216264556_H1N1.png",
      "source_url": "https://www.jumbo.com/aanbiedingen/alle-dreft/3012386"
    },
    {
      "id": "676430FLS",
      "name": "Dreft MaxPower Lemon Vloeibaar Afwasmiddel 450ml",
      "brand": "Dreft",
      "category": "Huishouden en dieren",
      "unit_size": "450 Mililiters",
      "offer_price": 4.69,
      "normal_price": 4.69,
      "price_per_unit": 10.42,
      "price_unit": "l",
      "discount_tag": "1+1 gratis",
      "promo_title": "Alle Dreft",
      "validity": "wo 17 t/m wo 31 dec",
      "image_url": "https://www.jumbo.com/dam-images/fit-in/360x360/Products/10122025_1765333284988_1765333288848_676430_FLS_08700216474511_H1N1.png",
      "source_url": "https://www.jumbo.com/aanbiedingen/alle-dreft/3012386"
    },
    {
      "id": "676379FLS",
      "name": "Dreft MaxPower Vloeibaar 730ml",
      "brand": "Dreft",
      "category": "Huishouden en dieren",
      "unit_size": "730 Mililiters",
      "offer_price": 6.99,
      "normal_price": 6.99,
      "price_per_unit": 9.58,
      "price_unit": "l",
      "discount_tag": "1+1 gratis",
      "promo_title": "Alle Dreft",
      "validity": "wo 17 t/m wo 31 dec",
      "image_url": "https://www.jumbo.com/dam-images/fit-in/360x360/Products/10122025_1765339264158_1765339268040_676379_FLS_08700216625081_H1N1.png",
      "source_url": "https://www.jumbo.com/aanbiedingen/alle-dreft/3012386"
    },
    {
      "id": "620679ZK",
      "name": "Dreft Platinum All In One Vaatwastabletten, Original, 15 Capsules",
      "brand": "Dreft",
      "category": "Huishouden en dieren",
      "unit_size": null,
      "offer_price": 8.49,
      "normal_price": 8.49,
      "price_per_unit": 0.57,
      "price_unit": "pieces",
      "discount_tag": "1+1 gratis",
      "promo_title": "Alle Dreft",
      "validity": "wo 17 t/m wo 31 dec",
      "image_url": "https://www.jumbo.com/dam-images/fit-in/360x360/Products/09102025_1759968150783_1759968155756_8700216264419_1.png",
      "source_url": "https://www.jumbo.com/aanbiedingen/alle-dreft/3012386"
    },
    {
      "id": "676457FLS",
      "name": "Dreft MaxPower Vloeibaar 450ml",
      "brand": "Dreft",
      "category": "Huishouden en dieren",
      "unit_size": "450 Mililiters",
      "offer_price": 4.39,
      "normal_price": 4.39,
      "price_per_unit": 9.76,
      "price_unit": "l",
      "discount_tag": "1+1 gratis",
      "promo_title": "Alle Dreft",
      "validity": "wo 17 t/m wo 31 dec",
      "image_url": "https://www.jumbo.com/dam-images/fit-in/360x360/Products/10122025_1765338134565_1765338138311_676457_FLS_08700216474504_H1N1.png",
      "source_url": "https://www.jumbo.com/aanbiedingen/alle-dreft/3012386"
    },
    {
      "id": "676458FLS",
      "name": "Dreft 3in1 Power Spray, Citroen, 500 ML",
      "brand": "Dreft",
      "category": "Huishouden en dieren",
      "unit_size": "500 Mililiters",
      "offer_price": 7.99,
      "normal_price": 7.99,
      "price_per_unit": 15.98,
      "price_unit": "l",
      "discount_tag": "1+1 gratis",
      "promo_title": "Alle Dreft",
      "validity": "wo 17 t/m wo 31 dec",
      "image_url": "https://www.jumbo.com/dam-images/fit-in/360x360/Products/11112025_1762828959792_1762828967495_676458_FLS_08700216591010_H1N1.png",
      "source_url": "https://www.jumbo.com/aanbiedingen/alle-dreft/3012386"
    },
    {
      "id": "690256FLS",
      "name": "Dreft MaxPower Vloeibaar Afwasmiddel Hygiëne 730ml",
      "brand": "Dreft",
      "category": "Huishouden en dieren",
      "unit_size": "730 Mililiters",
      "offer_price": 7.59,
      "normal_price": 7.59,
      "price_per_unit": 10.4,
      "price_unit": "l",
      "discount_tag": "1+1 gratis",
      "promo_title": "Alle Dreft",
      "validity": "wo 17 t/m wo 31 dec",
      "image_url": "https://www.jumbo.com/dam-images/fit-in/360x360/Products/10122025_1765336140732_1765336144302_690256_FLS_08700216891868_H1N1.png",
      "source_url": "https://www.jumbo.com/aanbiedingen/alle-dreft/3012386"
    },
    {
      "id": "690255FLS",
      "name": "Dreft Natuurlijke Geur Afwasmiddel Lavendel & Rozemarijn 730ML",
      "brand": "Dreft",
      "category": "Huishouden en dieren",
      "unit_size": "730 Mililiters",
      "offer_price": 7.59,
      "normal_price": 7.59,
      "price_per_unit": 10.4,
      "price_unit": "l",
      "discount_tag": "1+1 gratis",
      "promo_title": "Alle Dreft",
      "validity": "wo 17 t/m wo 31 dec",
      "image_url": "https://www.jumbo.com/dam-images/fit-in/360x360/Products/10122025_1765336146336_1765336150622_690255_FLS_08700216891882_H1N1.png",
      "source_url": "https://www.jumbo.com/aanbiedingen/alle-dreft/3012386"
    },
    {
      "id": "676438FLS",
      "name": "Dreft Platinum Quickwash Original Vloeibaar Afwasmiddel 520ml",
      "brand": "Dreft",
      "category": "Huishouden en dieren",
      "unit_size": "520 Mililiters",
      "offer_price": 4.39,
      "normal_price": 4.39,
      "price_per_unit": 8.44,
      "price_unit": "l",
      "discount_tag": "1+1 gratis",
      "promo_title": "Alle Dreft",
      "validity": "wo 17 t/m wo 31 dec",
      "image_url": "https://www.jumbo.com/dam-images/fit-in/360x360/Products/10122025_1765333336578_1765333340779_676438_FLS_08700216630511_H1N1.png",
      "source_url": "https://www.jumbo.com/aanbiedingen/alle-dreft/3012386"
    },
    {
      "id": "676439ZK",
      "name": "Dreft Platinum Plus All In One Vaatwastabletten Anti-dofheidstechnologie 19 X",
      "brand": "Dreft",
      "category": "Huishouden en dieren",
      "unit_size": null,
      "offer_price": 13.99,
      "normal_price": 13.99,
      "price_per_unit": 0.74,
      "price_unit": "pieces",
      "discount_tag": "1+1 gratis",
      "promo_title": "Alle Dreft",
      "validity": "wo 17 t/m wo 31 dec",
      "image_url": "https://www.jumbo.com/dam-images/fit-in/360x360/Products/10122025_1765333345903_1765333353220_676439_ZK_08700216652452_H1N1.png",
      "source_url": "https://www.jumbo.com/aanbiedingen/alle-dreft/3012386"
    },
    {
      "id": "546061FLS",
      "name": "Dreft Platinum Quickwash Original Vloeibaar Afwasmiddel 350ml",
      "brand": "Dreft",
      "category": "Huishouden en dieren",
      "unit_size": "350 Mililiters",
      "offer_price": 2.99,
      "normal_price": 2.99,
      "price_per_unit": 8.54,
      "price_unit": "l",
      "discount_tag": "1+1 gratis",
      "promo_title": "Alle Dreft",
      "validity": "wo 17 t/m wo 31 dec",
      "image_url": "https://www.jumbo.com/dam-images/fit-in/360x360/Products/10122025_1765338187364_1765338191647_546061_FLS_08700216007993_H1N1.png",
      "source_url": "https://www.jumbo.com/aanbiedingen/alle-dreft/3012386"
    },
    {
      "id": "676431FLS",
      "name": "Dreft MaxPower Lemon Vloeibaar Afwasmiddel 730ml",
      "brand": "Dreft",
      "category": "Huishouden en dieren",
      "unit_size": "730 Mililiters",
      "offer_price": 7.05,
      "normal_price": 7.05,
      "price_per_unit": 9.66,
      "price_unit": "l",
      "discount_tag": "1+1 gratis",
      "promo_title": "Alle Dreft",
      "validity": "wo 17 t/m wo 31 dec",
      "image_url": "https://www.jumbo.com/dam-images/fit-in/360x360/Products/13102025_1760313626187_1760313629249_8700216625050_1.png",
      "source_url": "https://www.jumbo.com/aanbiedingen/alle-dreft/3012386"
    },
    {
      "id": "676434ZK",
      "name": "Dreft Platinum Plus All In One Vaatwastabletten Anti-dofheidstechnologie 36 X",
      "brand": "Dreft",
      "category": "Huishouden en dieren",
      "unit_size": null,
      "offer_price": 24.99,
      "normal_price": 24.99,
      "price_per_unit": 0.69,
      "price_unit": "pieces",
      "discount_tag": "1+1 gratis",
      "promo_title": "Alle Dreft",
      "validity": "wo 17 t/m wo 31 dec",
      "image_url": "https://www.jumbo.com/dam-images/fit-in/360x360/Products/10122025_1765333422763_1765333430759_676434_ZK_08700216652308_H1N1.png",
      "source_url": "https://www.jumbo.com/aanbiedingen/alle-dreft/3012386"
    },
    {
      "id": "546048FLS",
      "name": "Dreft Platinum Quickwash Vloeibaar Afwasmiddel",
      "brand": "Dreft",
      "category": "Huishouden en dieren",
      "unit_size": "350 Mililiters",
      "offer_price": 2.99,
      "normal_price": 2.99,
      "price_per_unit": 8.54,
      "price_unit": "l",
      "discount_tag": "1+1 gratis",
      "promo_title": "Alle Dreft",
      "validity": "wo 17 t/m wo 31 dec",
      "image_url": "https://www.jumbo.com/dam-images/fit-in/360x360/Products/28112025_1764304569272_1764304573670_546048_FLS_08700216008020_H1N1.png",
      "source_url": "https://www.jumbo.com/aanbiedingen/alle-dreft/3012386"
    },
    {
      "id": "676436ZK",
      "name": "Dreft Platinum Plus All In One Vaatwastabletten Anti-dofheidstechnologie 19 X",
      "brand": "Dreft",
      "category": "Huishouden en dieren",
      "unit_size": null,
      "offer_price": 13.99,
      "normal_price": 13.99,
      "price_per_unit": 0.74,
      "price_unit": "pieces",
      "discount_tag": "1+1 gratis",
      "promo_title": "Alle Dreft",
      "validity": "wo 17 t/m wo 31 dec",
      "image_url": "https://www.jumbo.com/dam-images/fit-in/360x360/Products/10122025_1765333414209_1765333421233_676436_ZK_08700216652551_H1N1.png",
      "source_url": "https://www.jumbo.com/aanbiedingen/alle-dreft/3012386"
    },
    {
      "id": "620970ZK",
      "name": "Dreft Platinum All In One Vaatwastabletten, Original, 34 Capsules",
      "brand": "Dreft",
      "category": "Huishouden en dieren",
      "unit_size": null,
      "offer_price": 17.99,
      "normal_price": 17.99,
      "price_per_unit": 0.53,
      "price_unit": "pieces",
      "discount_tag": "1+1 gratis",
      "promo_title": "Alle Dreft",
      "validity": "wo 17 t/m wo 31 dec",
      "image_url": "https://www.jumbo.com/dam-images/fit-in/360x360/Products/09102025_1759968139505_1759968144550_8700216264471_1.png",
      "source_url": "https://www.jumbo.com/aanbiedingen/alle-dreft/3012386"
    },
    {
      "id": "676432FLS",
      "name": "Dreft Natuurlijke Geur Afwasmiddel Bergamot & Gember 450ML",
      "brand": "Dreft",
      "category": "Huishouden en dieren",
      "unit_size": "450 Mililiters",
      "offer_price": 4.99,
      "normal_price": 4.99,
      "price_per_unit": 11.09,
      "price_unit": "l",
      "discount_tag": "1+1 gratis",
      "promo_title": "Alle Dreft",
      "validity": "wo 17 t/m wo 31 dec",
      "image_url": "https://www.jumbo.com/dam-images/fit-in/360x360/Products/09102025_1759968154738_1759968165781_8700216624954_1.png",
      "source_url": "https://www.jumbo.com/aanbiedingen/alle-dreft/3012386"
    },
    {
      "id": "676437ZK",
      "name": "Dreft Platinum Plus All In One Vaatwastabletten Anti-dofheidstechnologie 59 X",
      "brand": "Dreft",
      "category": "Huishouden en dieren",
      "unit_size": null,
      "offer_price": 39.99,
      "normal_price": 39.99,
      "price_per_unit": 0.68,
      "price_unit": "pieces",
      "discount_tag": "1+1 gratis",
      "promo_title": "Alle Dreft",
      "validity": "wo 17 t/m wo 31 dec",
      "image_url": "https://www.jumbo.com/dam-images/fit-in/360x360/Products/10122025_1765333420182_1765333427191_676437_ZK_08700216652438_H1N1.png",
      "source_url": "https://www.jumbo.com/aanbiedingen/alle-dreft/3012386"
    },
    {
      "id": "676451FLS",
      "name": "Dreft Platinum Quickwash Citroen Vloeibaar Afwasmiddel 520ml",
      "brand": "Dreft",
      "category": "Huishouden en dieren",
      "unit_size": "520 Mililiters",
      "offer_price": 4.39,
      "normal_price": 4.39,
      "price_per_unit": 8.44,
      "price_unit": "l",
      "discount_tag": "1+1 gratis",
      "promo_title": "Alle Dreft",
      "validity": "wo 17 t/m wo 31 dec",
      "image_url": "https://www.jumbo.com/dam-images/fit-in/360x360/Products/13102025_1760313626538_1760313629980_8700216630535_1.png",
      "source_url": "https://www.jumbo.com/aanbiedingen/alle-dreft/3012386"
    },
    {
      "id": "706839FLS",
      "name": "Dreft 3in1 Power Spray, Citroen, 500 ML",
      "brand": "Dreft",
      "category": "Huishouden en dieren",
      "unit_size": "500 Mililiters",
      "offer_price": 6.99,
      "normal_price": 6.99,
      "price_per_unit": 13.98,
      "price_unit": "l",
      "discount_tag": "1+1 gratis",
      "promo_title": "Alle Dreft",
      "validity": "wo 17 t/m wo 31 dec",
      "image_url": "https://www.jumbo.com/dam-images/fit-in/360x360/Products/10122025_1765338576518_1765338581851_706839_FLS_08700216591003_H1N1.png",
      "source_url": "https://www.jumbo.com/aanbiedingen/alle-dreft/3012386"
    },
    {
      "id": "676435ZK",
      "name": "Dreft Platinum Plus All In One Vaatwastabletten Anti-dofheidstechnologie 36 X",
      "brand": "Dreft",
      "category": "Huishouden en dieren",
      "unit_size": null,
      "offer_price": 24.99,
      "normal_price": 24.99,
      "price_per_unit": 0.69,
      "price_unit": "pieces",
      "discount_tag": "1+1 gratis",
      "promo_title": "Alle Dreft",
      "validity": "wo 17 t/m wo 31 dec",
      "image_url": "https://www.jumbo.com/dam-images/fit-in/360x360/Products/10122025_1765333461164_1765333468382_676435_ZK_08700216652520_H1N1.png",
      "source_url": "https://www.jumbo.com/aanbiedingen/alle-dreft/3012386"
    },
    {
      "id": "690254ZK",
      "name": "Dreft Original All In One Vaatwastabletten, Original, 41 Capsules",
      "brand": "Dreft",
      "category": "Huishouden en dieren",
      "unit_size": null,
      "offer_price": 9.49,
      "normal_price": 9.49,
      "price_per_unit": 0.23,
      "price_unit": "pieces",
      "discount_tag": "1+1 gratis",
      "promo_title": "Alle Dreft",
      "validity": "wo 17 t/m wo 31 dec",
      "image_url": "https://www.jumbo.com/dam-images/fit-in/360x360/Products/11112025_1762826944585_1762826951639_690254_ZK_08700216264303_C1N1.png",
      "source_url": "https://www.jumbo.com/aanbiedingen/alle-dreft/3012386"
    },
    {
      "id": "481199FLS",
      "name": "Cif CleanBoost Schuurmiddel Cream Citroen 750 ml",
      "brand": "Cif",
      "category": "Huishouden en dieren",
      "unit_size": "750 ml",
      "offer_price": 3.49,
      "normal_price": 3.49,
      "price_per_unit": 4.65,
      "price_unit": "l",
      "discount_tag": "Gratis bezorging",
      "promo_title": "Alle Sun of Cif",
      "validity": "wo 17 t/m wo 31 dec",
      "image_url": "https://www.jumbo.com/dam-images/fit-in/360x360/Products/01122025_1764558515821_1764558539415_481199_FLS_08720182346148_H1N1.png",
      "source_url": "https://www.jumbo.com/aanbiedingen/alle-sun-of-cif/3012426"
    },
    {
      "id": "563746ZK",
      "name": "Sun Brilliant Shine All in 1 Vaatwascapsules 16 Stuks 240 g",
      "brand": "Sun",
      "category": "Huishouden en dieren",
      "unit_size": "240 g",
      "offer_price": 9.99,
      "normal_price": 9.99,
      "price_per_unit": 0.62,
      "price_unit": "pieces",
      "discount_tag": "Gratis bezorging",
      "promo_title": "Alle Sun of Cif",
      "validity": "wo 17 t/m wo 31 dec",
      "image_url": "https://www.jumbo.com/dam-images/fit-in/360x360/Products/22112025_1763794739770_1763794783945_563746_ZK_08720181376320_H1N1.png",
      "source_url": "https://www.jumbo.com/aanbiedingen/alle-sun-of-cif/3012426"
    },
    {
      "id": "481252FLS",
      "name": "Cif CleanBoost Schuurmiddel Cream Pink 750 ml",
      "brand": "Cif",
      "category": "Huishouden en dieren",
      "unit_size": "750 ml",
      "offer_price": 3.99,
      "normal_price": 3.99,
      "price_per_unit": 5.32,
      "price_unit": "l",
      "discount_tag": "Gratis bezorging",
      "promo_title": "Alle Sun of Cif",
      "validity": "wo 17 t/m wo 31 dec",
      "image_url": "https://www.jumbo.com/dam-images/fit-in/360x360/Products/14122025_1765680232175_1765680274353_481252_FLS_08720182346155_H1N1.png",
      "source_url": "https://www.jumbo.com/aanbiedingen/alle-sun-of-cif/3012426"
    },
    {
      "id": "498763DS",
      "name": "Sun Machinereiniger Out-Wash 3 doses",
      "brand": "Sun",
      "category": "Huishouden en dieren",
      "unit_size": "3 x 40 g",
      "offer_price": 4.99,
      "normal_price": 4.99,
      "price_per_unit": 41.58,
      "price_unit": "kg",
      "discount_tag": "Gratis bezorging",
      "promo_title": "Alle Sun of Cif",
      "validity": "wo 17 t/m wo 31 dec",
      "image_url": "https://www.jumbo.com/dam-images/fit-in/360x360/Products/10122025_1765335633446_1765335661086_498763_DS_08720181257629_H1N1.png",
      "source_url": "https://www.jumbo.com/aanbiedingen/alle-sun-of-cif/3012426"
    },
    {
      "id": "624208FLS",
      "name": "Sun Spoelglans Vaatwas 750 ml",
      "brand": "Sun",
      "category": "Huishouden en dieren",
      "unit_size": "750 ml",
      "offer_price": 4.75,
      "normal_price": 4.75,
      "price_per_unit": 6.33,
      "price_unit": "l",
      "discount_tag": "Gratis bezorging",
      "promo_title": "Alle Sun of Cif",
      "validity": "wo 17 t/m wo 31 dec",
      "image_url": "https://www.jumbo.com/dam-images/fit-in/360x360/Products/14122025_1765681093963_1765681104233_624208_FLS_08720181485879_C1N1.png",
      "source_url": "https://www.jumbo.com/aanbiedingen/alle-sun-of-cif/3012426"
    },
    {
      "id": "621510DS",
      "name": "Sun All-in 1 Vaatwastabletten Citroen 19 tabletten",
      "brand": "Sun",
      "category": "Huishouden en dieren",
      "unit_size": null,
      "offer_price": 10.49,
      "normal_price": 10.49,
      "price_per_unit": 0.55,
      "price_unit": "pieces",
      "discount_tag": "Gratis bezorging",
      "promo_title": "Alle Sun of Cif",
      "validity": "wo 17 t/m wo 31 dec",
      "image_url": "https://www.jumbo.com/dam-images/fit-in/360x360/Products/28082025_1756370018545_1756370025227_8720181493560_1.png",
      "source_url": "https://www.jumbo.com/aanbiedingen/alle-sun-of-cif/3012426"
    },
    {
      "id": "564003ZK",
      "name": "Sun Brilliant Shine Vaatwascapsules All-in 1 26 capsules",
      "brand": "Sun",
      "category": "Huishouden en dieren",
      "unit_size": "390 g",
      "offer_price": 14.99,
      "normal_price": 14.99,
      "price_per_unit": 0.58,
      "price_unit": "pieces",
      "discount_tag": "Gratis bezorging",
      "promo_title": "Alle Sun of Cif",
      "validity": "wo 17 t/m wo 31 dec",
      "image_url": "https://www.jumbo.com/dam-images/fit-in/360x360/Products/02092025_1756775528723_1756775575532_564003_ZK_08720181376337_H1N1.png",
      "source_url": "https://www.jumbo.com/aanbiedingen/alle-sun-of-cif/3012426"
    },
    {
      "id": "564004ZK",
      "name": "Sun Brilliant Shine Vaatwascapsules All-in 1 34 capsules",
      "brand": "Sun",
      "category": "Huishouden en dieren",
      "unit_size": "510 g",
      "offer_price": 19.41,
      "normal_price": 19.41,
      "price_per_unit": 0.57,
      "price_unit": "pieces",
      "discount_tag": "Gratis bezorging",
      "promo_title": "Alle Sun of Cif",
      "validity": "wo 17 t/m wo 31 dec",
      "image_url": "https://www.jumbo.com/dam-images/fit-in/360x360/Products/26032025_1742959433550_1742959508227_564004_ZK_08720181376344_H1N1.png",
      "source_url": "https://www.jumbo.com/aanbiedingen/alle-sun-of-cif/3012426"
    },
    {
      "id": "621512DS",
      "name": "Sun All-in 1 Vaatwastabletten Citroen 46 tabletten",
      "brand": "Sun",
      "category": "Huishouden en dieren",
      "unit_size": null,
      "offer_price": 22.99,
      "normal_price": 22.99,
      "price_per_unit": 0.5,
      "price_unit": "pieces",
      "discount_tag": "Gratis bezorging",
      "promo_title": "Alle Sun of Cif",
      "validity": "wo 17 t/m wo 31 dec",
      "image_url": "https://www.jumbo.com/dam-images/fit-in/360x360/Products/28082025_1756370018603_1756370024726_8720181493584_1.png",
      "source_url": "https://www.jumbo.com/aanbiedingen/alle-sun-of-cif/3012426"
    },
    {
      "id": "621513DS",
      "name": "Sun All-in 1 Vaatwastabletten Citroen 60 tabletten",
      "brand": "Sun",
      "category": "Huishouden en dieren",
      "unit_size": null,
      "offer_price": 29.69,
      "normal_price": 29.69,
      "price_per_unit": 0.49,
      "price_unit": "pieces",
      "discount_tag": "Gratis bezorging",
      "promo_title": "Alle Sun of Cif",
      "validity": "wo 17 t/m wo 31 dec",
      "image_url": "https://www.jumbo.com/dam-images/fit-in/360x360/Products/28072025_1753695193435_1753695200396_8720181493607_1.png",
      "source_url": "https://www.jumbo.com/aanbiedingen/alle-sun-of-cif/3012426"
    },
    {
      "id": "481251FLS",
      "name": "Cif CleanBoost Schuurmiddel Cream Original 750 ml",
      "brand": "Cif",
      "category": "Huishouden en dieren",
      "unit_size": "750 ml",
      "offer_price": 3.49,
      "normal_price": 3.49,
      "price_per_unit": 4.65,
      "price_unit": "l",
      "discount_tag": "Gratis bezorging",
      "promo_title": "Alle Sun of Cif",
      "validity": "wo 17 t/m wo 31 dec",
      "image_url": "https://www.jumbo.com/dam-images/fit-in/360x360/Products/24112025_1763962354816_1763962404637_481251_FLS_08720182346131_H1N1.png",
      "source_url": "https://www.jumbo.com/aanbiedingen/alle-sun-of-cif/3012426"
    },
    {
      "id": "622974ZK",
      "name": "Sun Brilliant Shine Plus Vaatwascapsules All-in 1 16 capsules",
      "brand": "Sun",
      "category": "Huishouden en dieren",
      "unit_size": "240 g",
      "offer_price": 10.99,
      "normal_price": 10.99,
      "price_per_unit": 0.69,
      "price_unit": "pieces",
      "discount_tag": "Gratis bezorging",
      "promo_title": "Alle Sun of Cif",
      "validity": "wo 17 t/m wo 31 dec",
      "image_url": "https://www.jumbo.com/dam-images/fit-in/360x360/Products/14032025_1741925850403_1741925891664_622974_ZK_08720181514302_C1N1.png",
      "source_url": "https://www.jumbo.com/aanbiedingen/alle-sun-of-cif/3012426"
    },
    {
      "id": "530197BLS",
      "name": "Sun Vaatwasmachine Verfrisser Citroen 1 stuk",
      "brand": "Sun",
      "category": "Huishouden en dieren",
      "unit_size": null,
      "offer_price": 4.49,
      "normal_price": 4.49,
      "price_per_unit": 4.49,
      "price_unit": "pieces",
      "discount_tag": "Gratis bezorging",
      "promo_title": "Alle Sun of Cif",
      "validity": "wo 17 t/m wo 31 dec",
      "image_url": "https://www.jumbo.com/dam-images/fit-in/360x360/Products/21112024_1732214143860_1732214150898_3601690092114_1.png",
      "source_url": "https://www.jumbo.com/aanbiedingen/alle-sun-of-cif/3012426"
    },
    {
      "id": "622973DS",
      "name": "Sun Vaatwasmachinereiniger In-Wash 4 doses",
      "brand": "Sun",
      "category": "Huishouden en dieren",
      "unit_size": null,
      "offer_price": 5.99,
      "normal_price": 5.99,
      "price_per_unit": 99.83,
      "price_unit": "kg",
      "discount_tag": "Gratis bezorging",
      "promo_title": "Alle Sun of Cif",
      "validity": "wo 17 t/m wo 31 dec",
      "image_url": "https://www.jumbo.com/dam-images/fit-in/360x360/Products/03122025_1764734375018_1764734399952_622973_DS_08720181491719_H1N1.png",
      "source_url": "https://www.jumbo.com/aanbiedingen/alle-sun-of-cif/3012426"
    },
    {
      "id": "621479FLS",
      "name": "Sun Spoelglansmiddel Dry & Shine 500 ml",
      "brand": "Sun",
      "category": "Huishouden en dieren",
      "unit_size": "500 ml",
      "offer_price": 5.79,
      "normal_price": 5.79,
      "price_per_unit": 11.58,
      "price_unit": "l",
      "discount_tag": "Gratis bezorging",
      "promo_title": "Alle Sun of Cif",
      "validity": "wo 17 t/m wo 31 dec",
      "image_url": "https://www.jumbo.com/dam-images/fit-in/360x360/Products/20082025_1755658745855_1755658768835_621479_FLS_08720181491818_H1N1.png",
      "source_url": "https://www.jumbo.com/aanbiedingen/alle-sun-of-cif/3012426"
    },
    {
      "id": "622977FLS",
      "name": "Cif CleanBoost Allesreiniger Spray Cream 700 ml",
      "brand": "Cif",
      "category": "Huishouden en dieren",
      "unit_size": "700 ml",
      "offer_price": 3.99,
      "normal_price": 3.99,
      "price_per_unit": 5.7,
      "price_unit": "l",
      "discount_tag": "Gratis bezorging",
      "promo_title": "Alle Sun of Cif",
      "validity": "wo 17 t/m wo 31 dec",
      "image_url": "https://www.jumbo.com/dam-images/fit-in/360x360/Products/15112024_1731643727939_1731643753565_622977_FLS_08720181512483_H1N1.png",
      "source_url": "https://www.jumbo.com/aanbiedingen/alle-sun-of-cif/3012426"
    },
    {
      "id": "622975ZK",
      "name": "Sun Brilliant Shine Plus Vaatwascapsules All-in 1 34 capsules",
      "brand": "Sun",
      "category": "Huishouden en dieren",
      "unit_size": "510 g",
      "offer_price": 23.19,
      "normal_price": 23.19,
      "price_per_unit": 0.68,
      "price_unit": "pieces",
      "discount_tag": "Gratis bezorging",
      "promo_title": "Alle Sun of Cif",
      "validity": "wo 17 t/m wo 31 dec",
      "image_url": "https://www.jumbo.com/dam-images/fit-in/360x360/Products/10122025_1765337255183_1765337260514_622975_ZK_08720182805454_H1N1.png",
      "source_url": "https://www.jumbo.com/aanbiedingen/alle-sun-of-cif/3012426"
    }
  ]
}